ticker,date,Tax Effect Of Unusual Items,Tax Rate For Calcs,Normalized EBITDA,Net Income From Continuing Operation Net Minority Interest,Reconciled Depreciation,Reconciled Cost Of Revenue,EBITDA,EBIT,Normalized Income,Net Income From Continuing And Discontinued Operation,Total Expenses,Total Operating Income As Reported,Diluted Average Shares,Basic Average Shares,Diluted EPS,Basic EPS,Diluted NI Availto Com Stockholders,Net Income Common Stockholders,Net Income,Net Income Including Noncontrolling Interests,Net Income Continuous Operations,Tax Provision,Pretax Income,Other Income Expense,Other Non Operating Income Expenses,Operating Income,Operating Expense,Research And Development,Selling General And Administration,Gross Profit,Cost Of Revenue,Total Revenue,Operating Revenue,Total Unusual Items,Total Unusual Items Excluding Goodwill,Net Interest Income,Interest Expense,Interest Income,Rent Expense Supplemental,Preferred Stock Dividends,Net Income Discontinuous Operations,Special Income Charges,Impairment Of Capital Assets,Gain On Sale Of Security,Depreciation Amortization Depletion Income Statement,Depreciation And Amortization In Income Statement,Amortization,Amortization Of Intangibles Income Statement,Depreciation Income Statement,Selling And Marketing Expense,General And Administrative Expense,Insurance And Claims,Rent And Landing Fees,Salaries And Wages,Professional Expense And Contract Services Expense,Other Non Interest Expense,Earnings From Equity Interest Net Of Tax,Net Non Operating Interest Income Expense,Interest Expense Non Operating,Interest Income Non Operating,Other Operating Expenses,Other Gand A,Minority Interests,Gain On Sale Of Business,Other Special Charges,Restructuring And Mergern Acquisition,Earnings From Equity Interest,Otherunder Preferred Stock Dividend,Average Dilution Earnings,Occupancy And Equipment,Gain On Sale Of Ppe,Loss Adjustment Expense,Net Policyholder Benefits And Claims,Policyholder Benefits Gross,Other Taxes,Write Off,Total Other Finance Cost,Excise Taxes
AAPL,2025-06-30,0.0,0.163997,31032000000.0,23434000000.0,2830000000.0,50318000000.0,31032000000.0,28202000000.0,23434000000.0,23434000000.0,65834000000.0,28202000000.0,14948179000.0,14902886000.0,1.57,1.57,23434000000.0,23434000000.0,23434000000.0,23434000000.0,23434000000.0,4597000000.0,28031000000.0,-171000000.0,-171000000.0,28202000000.0,15516000000.0,8866000000.0,6650000000.0,43718000000.0,50318000000.0,94036000000.0,94036000000.0,,,,,,,,,,,,,,,,,,,,,,,,,,,,,,,,,,,,,,,,,,,,,
AAPL,2025-03-31,0.0,0.155,32250000000.0,24780000000.0,2661000000.0,50492000000.0,32250000000.0,29589000000.0,24780000000.0,24780000000.0,65770000000.0,29589000000.0,15056133000.0,14994082000.0,1.65,1.65,24780000000.0,24780000000.0,24780000000.0,24780000000.0,24780000000.0,4530000000.0,29310000000.0,-279000000.0,-279000000.0,29589000000.0,15278000000.0,8550000000.0,6728000000.0,44867000000.0,50492000000.0,95359000000.0,95359000000.0,,,,,,,,,,,,,,,,,,,,,,,,,,,,,,,,,,,,,,,,,,,,,
AAPL,2024-12-31,0.0,0.147,45912000000.0,36330000000.0,3080000000.0,66025000000.0,45912000000.0,42832000000.0,36330000000.0,36330000000.0,81468000000.0,42832000000.0,15150865000.0,15081724000.0,2.4,2.41,36330000000.0,36330000000.0,36330000000.0,36330000000.0,36330000000.0,6254000000.0,42584000000.0,-248000000.0,-248000000.0,42832000000.0,15443000000.0,8268000000.0,7175000000.0,58275000000.0,66025000000.0,124300000000.0,124300000000.0,,,,,,,,,,,,,,,,,,,,,,,,,,,,,,,,,,,,,,,,,,,,,
AAPL,2024-09-30,0.0,0.21,32502000000.0,14736000000.0,2911000000.0,51051000000.0,32502000000.0,29591000000.0,14736000000.0,14736000000.0,65339000000.0,29591000000.0,15242853000.0,15171990000.0,0.97,0.97,14736000000.0,14736000000.0,14736000000.0,14736000000.0,14736000000.0,14874000000.0,29610000000.0,19000000.0,19000000.0,29591000000.0,14288000000.0,7765000000.0,6523000000.0,43879000000.0,51051000000.0,94930000000.0,94930000000.0,,,,,,,,,,,,,,,,,,,,,,,,,,,,,,,,,,,,,,,,,,,,,
AAPL,2024-06-30,0.0,0.159,28202000000.0,21448000000.0,2850000000.0,46099000000.0,28202000000.0,25352000000.0,21448000000.0,21448000000.0,60425000000.0,25352000000.0,15348175000.0,15287521000.0,1.4,1.4,21448000000.0,21448000000.0,21448000000.0,21448000000.0,21448000000.0,4046000000.0,25494000000.0,142000000.0,142000000.0,25352000000.0,14326000000.0,8006000000.0,6320000000.0,39678000000.0,46099000000.0,85777000000.0,85777000000.0,,,,,,,,,,,,,,,,,,,,,,,,,,,,,,,,,,,,,,,,,,,,,
ALLY,2025-06-30,0.0,0.192661,,352000000.0,329000000.0,,,,352000000.0,352000000.0,,,312434000.0,309895000.0,1.04,1.05,324000000.0,324000000.0,352000000.0,352000000.0,352000000.0,84000000.0,436000000.0,,,,,,853000000.0,,,2283000000.0,2283000000.0,0.0,0.0,1732000000.0,1593000000.0,3325000000.0,,28000000.0,,0.0,0.0,61000000.0,277000000.0,277000000.0,0.0,0.0,277000000.0,65000000.0,788000000.0,358000000.0,,430000000.0,36000000.0,312000000.0,,,,,,,,,,,,,,,,,,,,,,
ALLY,2025-03-31,-63362676.056338,0.207746,,-225000000.0,361000000.0,,,,16637323.943662,-225000000.0,,,309006000.0,309006000.0,-0.82,-0.82,-253000000.0,-253000000.0,-225000000.0,-225000000.0,-225000000.0,-59000000.0,-284000000.0,,,,,,888000000.0,,,1755000000.0,1755000000.0,-305000000.0,-305000000.0,1718000000.0,1675000000.0,3393000000.0,,28000000.0,,-305000000.0,305000000.0,-499000000.0,306000000.0,306000000.0,3000000.0,3000000.0,303000000.0,61000000.0,827000000.0,322000000.0,,505000000.0,31000000.0,344000000.0,,,,,,,,,,,,,,,,,,,,,,
ALLY,2024-12-31,0.0,0.21,,-139000000.0,269000000.0,,,,-139000000.0,-140000000.0,,,311277000.0,307553000.0,0.26,0.26,-167000000.0,-167000000.0,-140000000.0,-140000000.0,-139000000.0,314000000.0,175000000.0,,,,,,787000000.0,,,2240000000.0,2240000000.0,-305000000.0,-305000000.0,1729000000.0,1799000000.0,3528000000.0,,27000000.0,-1000000.0,-305000000.0,305000000.0,-21000000.0,213000000.0,213000000.0,4000000.0,4000000.0,209000000.0,64000000.0,723000000.0,277000000.0,,446000000.0,41000000.0,355000000.0,,,,,,,,,,,,,,,,,,,,,,
ALLY,2024-09-30,0.0,0.21,,357000000.0,348000000.0,,,,357000000.0,357000000.0,,,311044000.0,307312000.0,1.06,1.07,330000000.0,330000000.0,357000000.0,357000000.0,357000000.0,-124000000.0,233000000.0,,,,,,803000000.0,,,2294000000.0,2294000000.0,-305000000.0,-305000000.0,1689000000.0,1885000000.0,3574000000.0,,27000000.0,0.0,-305000000.0,305000000.0,74000000.0,260000000.0,260000000.0,4000000.0,4000000.0,256000000.0,69000000.0,734000000.0,299000000.0,,435000000.0,36000000.0,327000000.0,,,,,,,,,,,,,,,,,,,,,,
ALLY,2024-06-30,0.0,0.215054,,219000000.0,272000000.0,,,,219000000.0,219000000.0,,,309886000.0,306774000.0,0.62,0.63,191000000.0,191000000.0,219000000.0,219000000.0,219000000.0,60000000.0,279000000.0,,,,,,863000000.0,,,2165000000.0,2165000000.0,0.0,0.0,1672000000.0,1866000000.0,3538000000.0,43000000.0,28000000.0,0.0,0.0,0.0,-7000000.0,217000000.0,217000000.0,5000000.0,5000000.0,212000000.0,79000000.0,784000000.0,342000000.0,43000000.0,442000000.0,39000000.0,322000000.0,,,,,,,,,,,,,,,,,,,,,,
ALLY,2024-03-31,0.0,0.215054,,219000000.0,272000000.0,,,,219000000.0,219000000.0,,,309886000.0,306774000.0,0.62,0.63,191000000.0,191000000.0,219000000.0,219000000.0,219000000.0,60000000.0,279000000.0,,,,,,863000000.0,,,2165000000.0,2165000000.0,0.0,0.0,1672000000.0,1866000000.0,3538000000.0,48000000.0,28000000.0,0.0,0.0,0.0,-7000000.0,217000000.0,217000000.0,5000000.0,5000000.0,212000000.0,79000000.0,784000000.0,342000000.0,48000000.0,442000000.0,39000000.0,322000000.0,,,,,,,,,,,,,,,,,,,,,,
ALLY,2023-12-31,0.0,0.215054,,219000000.0,272000000.0,,,,219000000.0,219000000.0,,,309886000.0,306774000.0,0.62,0.63,191000000.0,191000000.0,219000000.0,219000000.0,219000000.0,60000000.0,279000000.0,,,,,,863000000.0,,,2165000000.0,2165000000.0,0.0,0.0,1672000000.0,1866000000.0,3538000000.0,52000000.0,28000000.0,-1000000.0,0.0,0.0,-7000000.0,217000000.0,217000000.0,5000000.0,5000000.0,212000000.0,79000000.0,784000000.0,342000000.0,52000000.0,442000000.0,39000000.0,322000000.0,,,,,,,,,,,,,,,,,,,,,,
AMZN,2025-06-30,143677518.339167,0.128398,35481000000.0,18164000000.0,15227000000.0,80809000000.0,36600000000.0,21373000000.0,17188677518.33917,18164000000.0,148531000000.0,19171000000.0,10806000000.0,10637000000.0,1.68,1.71,18164000000.0,18164000000.0,18164000000.0,18164000000.0,18164000000.0,2678000000.0,20857000000.0,1117000000.0,-2000000.0,19171000000.0,67722000000.0,,14381000000.0,86893000000.0,80809000000.0,167702000000.0,167702000000.0,1119000000.0,1119000000.0,569000000.0,516000000.0,1085000000.0,,,,,,1119000000.0,,,,,,11416000000.0,2965000000.0,,,,,,-15000000.0,569000000.0,516000000.0,1085000000.0,53341000000.0,2965000000.0,,,,,,,,,,,,,,,,
AMZN,2025-03-31,584272614.050464,0.210019,33700000000.0,17127000000.0,14262000000.0,76976000000.0,36482000000.0,22220000000.0,14929272614.050465,17127000000.0,137262000000.0,18405000000.0,10793000000.0,10603000000.0,1.59,1.62,17127000000.0,17127000000.0,17127000000.0,17127000000.0,17127000000.0,4553000000.0,21679000000.0,2749000000.0,-33000000.0,18405000000.0,60286000000.0,,12391000000.0,78691000000.0,76976000000.0,155667000000.0,155667000000.0,2782000000.0,2782000000.0,525000000.0,541000000.0,1066000000.0,,,,,,2782000000.0,,,,,,9763000000.0,2628000000.0,,,,,,1000000.0,525000000.0,541000000.0,1066000000.0,47895000000.0,2628000000.0,,,,,,,,,,,,,,,,
AMZN,2024-12-31,59714081.166943,0.104032,37976000000.0,20004000000.0,15631000000.0,98893000000.0,38550000000.0,22919000000.0,19489714081.166943,20004000000.0,166589000000.0,21203000000.0,10771000000.0,10552000000.0,1.86,1.9,20004000000.0,20004000000.0,20004000000.0,20004000000.0,20004000000.0,2325000000.0,22349000000.0,468000000.0,-106000000.0,21203000000.0,67696000000.0,,15987000000.0,88899000000.0,98893000000.0,187792000000.0,187792000000.0,574000000.0,574000000.0,678000000.0,570000000.0,1248000000.0,,,,,,574000000.0,,,,,,13124000000.0,2863000000.0,,,,,,-20000000.0,678000000.0,570000000.0,1248000000.0,51709000000.0,2863000000.0,,,,,,,,,,,,,,,,
AMZN,2024-09-30,-2700449.076897,0.150025,32100000000.0,15328000000.0,13442000000.0,80977000000.0,32082000000.0,18640000000.0,15343299550.923103,15328000000.0,141466000000.0,17411000000.0,10735000000.0,10501000000.0,1.43,1.46,15328000000.0,15328000000.0,15328000000.0,15328000000.0,15328000000.0,2706000000.0,18037000000.0,-27000000.0,-9000000.0,17411000000.0,60489000000.0,,13322000000.0,77900000000.0,80977000000.0,158877000000.0,158877000000.0,-18000000.0,-18000000.0,653000000.0,603000000.0,1256000000.0,,,,,,-18000000.0,,,,,,10609000000.0,2713000000.0,,,,,,-3000000.0,653000000.0,603000000.0,1256000000.0,47167000000.0,2713000000.0,,,,,,,,,,,,,,,,
AMZN,2024-06-30,4636274.188258,0.115907,27832000000.0,13485000000.0,12038000000.0,73785000000.0,27872000000.0,15834000000.0,13449636274.188257,13485000000.0,133305000000.0,14672000000.0,10708000000.0,10447000000.0,1.26,1.29,13485000000.0,13485000000.0,13485000000.0,13485000000.0,13485000000.0,1767000000.0,15245000000.0,-18000000.0,-58000000.0,14672000000.0,59520000000.0,,13553000000.0,74192000000.0,73785000000.0,147977000000.0,147977000000.0,40000000.0,40000000.0,591000000.0,589000000.0,1180000000.0,,,,,,40000000.0,,,,,,10512000000.0,3041000000.0,,,,,,7000000.0,591000000.0,589000000.0,1180000000.0,45967000000.0,3041000000.0,,,,,,,,,,,,,,,,
AON,2025-06-30,-3100000.0,0.155,1183000000.0,579000000.0,248000000.0,2360000000.0,1163000000.0,915000000.0,595900000.0,579000000.0,3223000000.0,859000000.0,217300000.0,216200000.0,2.66,2.68,579000000.0,579000000.0,579000000.0,594000000.0,594000000.0,109000000.0,703000000.0,-17000000.0,,932000000.0,863000000.0,,479000000.0,1795000000.0,2360000000.0,4155000000.0,4157000000.0,-20000000.0,-20000000.0,-212000000.0,212000000.0,0.0,85000000.0,,,-94000000.0,,74000000.0,248000000.0,248000000.0,201000000.0,201000000.0,47000000.0,,479000000.0,,85000000.0,21000000.0,,,,-212000000.0,212000000.0,0.0,136000000.0,373000000.0,-15000000.0,0.0,,94000000.0,3000000.0,,,,,,,,,,,
AON,2025-03-31,-20330000.0,0.214,1796000000.0,965000000.0,245000000.0,2249000000.0,1701000000.0,1456000000.0,1039670000.0,965000000.0,3181000000.0,1461000000.0,217900000.0,216400000.0,4.43,4.46,965000000.0,965000000.0,965000000.0,982000000.0,982000000.0,268000000.0,1250000000.0,-97000000.0,,1548000000.0,932000000.0,,551000000.0,2480000000.0,2249000000.0,4729000000.0,4736000000.0,-95000000.0,-95000000.0,-201000000.0,206000000.0,5000000.0,82000000.0,,,-110000000.0,,15000000.0,245000000.0,245000000.0,199000000.0,199000000.0,46000000.0,,551000000.0,,82000000.0,23000000.0,,,,-201000000.0,206000000.0,5000000.0,136000000.0,446000000.0,-17000000.0,0.0,,110000000.0,-2000000.0,,,,,,,,,,,
AON,2024-12-31,4405162.738496,0.176207,1304000000.0,716000000.0,232000000.0,2120000000.0,1329000000.0,1097000000.0,695405162.738496,716000000.0,3000000000.0,1091000000.0,218300000.0,216600000.0,3.28,3.31,716000000.0,716000000.0,716000000.0,734000000.0,734000000.0,157000000.0,891000000.0,30000000.0,,1147000000.0,880000000.0,,506000000.0,2027000000.0,2120000000.0,4147000000.0,4149000000.0,25000000.0,25000000.0,-202000000.0,206000000.0,4000000.0,84000000.0,,,19000000.0,,6000000.0,232000000.0,232000000.0,185000000.0,185000000.0,47000000.0,,506000000.0,,84000000.0,13000000.0,,,,-202000000.0,206000000.0,4000000.0,142000000.0,409000000.0,-18000000.0,4000000.0,0.0,-15000000.0,5000000.0,,,,,,,,,,,
AON,2024-09-30,-4598000.0,0.209,905000000.0,343000000.0,221000000.0,2150000000.0,883000000.0,662000000.0,360402000.0,343000000.0,3043000000.0,623000000.0,218400000.0,217400000.0,1.57,1.58,343000000.0,343000000.0,343000000.0,355000000.0,355000000.0,94000000.0,449000000.0,-20000000.0,,678000000.0,893000000.0,,531000000.0,1571000000.0,2150000000.0,3721000000.0,3724000000.0,-22000000.0,-22000000.0,-209000000.0,213000000.0,4000000.0,88000000.0,,,6000000.0,,-28000000.0,221000000.0,221000000.0,174000000.0,174000000.0,47000000.0,,531000000.0,,88000000.0,14000000.0,,,,-209000000.0,213000000.0,4000000.0,141000000.0,429000000.0,-12000000.0,76000000.0,1000000.0,69000000.0,2000000.0,,,,,,,,,,,
AON,2024-06-30,26131805.157593,0.229226,982000000.0,524000000.0,173000000.0,2130000000.0,1096000000.0,923000000.0,436131805.157593,524000000.0,2983000000.0,656000000.0,213300000.0,212500000.0,2.46,2.47,524000000.0,524000000.0,524000000.0,538000000.0,538000000.0,160000000.0,698000000.0,115000000.0,,777000000.0,853000000.0,,548000000.0,1630000000.0,2130000000.0,3760000000.0,3775000000.0,114000000.0,114000000.0,-194000000.0,225000000.0,31000000.0,82000000.0,,,119000000.0,,-5000000.0,173000000.0,173000000.0,128000000.0,128000000.0,45000000.0,,548000000.0,,82000000.0,11000000.0,,,,-194000000.0,225000000.0,31000000.0,132000000.0,455000000.0,-14000000.0,257000000.0,6000000.0,132000000.0,1000000.0,,,,,,,,,,,
AON,2023-12-31,26131805.157593,0.229226,982000000.0,524000000.0,173000000.0,2130000000.0,1096000000.0,923000000.0,436131805.157593,524000000.0,2983000000.0,656000000.0,213300000.0,212500000.0,2.46,2.47,524000000.0,524000000.0,524000000.0,538000000.0,538000000.0,160000000.0,698000000.0,115000000.0,,777000000.0,853000000.0,,548000000.0,1630000000.0,2130000000.0,3760000000.0,3775000000.0,114000000.0,114000000.0,-194000000.0,225000000.0,31000000.0,82000000.0,,,119000000.0,,-5000000.0,173000000.0,173000000.0,128000000.0,128000000.0,45000000.0,,548000000.0,,82000000.0,11000000.0,,,,-194000000.0,225000000.0,31000000.0,132000000.0,455000000.0,-14000000.0,4000000.0,6000000.0,132000000.0,1000000.0,,,,,,,,,,,
AXP,2025-06-30,0.0,0.187,,2885000000.0,427000000.0,,,,2885000000.0,2885000000.0,,,699000000.0,698000000.0,4.08,4.08,2852000000.0,2852000000.0,2885000000.0,2885000000.0,2885000000.0,665000000.0,3550000000.0,,,,,,3707000000.0,,,17856000000.0,17856000000.0,0.0,0.0,4187000000.0,2077000000.0,6264000000.0,,15000000.0,,0.0,,,,,,,,1555000000.0,2152000000.0,,,2152000000.0,591000000.0,8603000000.0,,,,,,,,0.0,,,,18000000.0,,,,,,,,,,
AXP,2025-03-31,0.0,0.224,,2584000000.0,433000000.0,,,,2584000000.0,2584000000.0,,,702000000.0,701000000.0,3.64,3.64,2552000000.0,2552000000.0,2584000000.0,2584000000.0,2584000000.0,746000000.0,3330000000.0,,,,,,3606000000.0,,,16967000000.0,16967000000.0,0.0,0.0,4169000000.0,1966000000.0,6135000000.0,,14000000.0,,0.0,,,,,,,,1486000000.0,2120000000.0,,,2120000000.0,541000000.0,8340000000.0,,,,,,,,0.0,,,,18000000.0,,,,,,,,,,
AXP,2024-12-31,-26153120.464441,0.212627,,2170000000.0,428000000.0,,,,2266846879.535559,2170000000.0,,,704000000.0,703000000.0,3.04,3.04,2139000000.0,2139000000.0,2170000000.0,2170000000.0,2170000000.0,586000000.0,2756000000.0,,,,,,3716000000.0,,,17179000000.0,17179000000.0,-123000000.0,-123000000.0,4038000000.0,2039000000.0,6077000000.0,,14000000.0,,-123000000.0,,,,,,,,1614000000.0,2102000000.0,,,2102000000.0,698000000.0,8594000000.0,,,,,,,,0.0,,,,17000000.0,,,,,,,,,,
AXP,2024-09-30,0.0,0.218,,2507000000.0,437000000.0,,,,2507000000.0,2507000000.0,,,709000000.0,708000000.0,3.49,3.5,2474000000.0,2474000000.0,2507000000.0,2507000000.0,2507000000.0,697000000.0,3204000000.0,,,,,,3519000000.0,,,16636000000.0,16636000000.0,0.0,0.0,4006000000.0,2143000000.0,6149000000.0,,15000000.0,,0.0,,,,,,,,1470000000.0,2049000000.0,,,2049000000.0,579000000.0,7978000000.0,,,,,,,,0.0,,,,18000000.0,,,,,,,,,,
AXP,2024-06-30,108324000.0,0.204,,3015000000.0,421000000.0,,,,2592324000.0,3015000000.0,,,717000000.0,716000000.0,4.15,4.16,2977000000.0,2977000000.0,3015000000.0,3015000000.0,3015000000.0,775000000.0,3790000000.0,,,,,,3429000000.0,,,16333000000.0,16333000000.0,531000000.0,531000000.0,3730000000.0,2064000000.0,5794000000.0,,15000000.0,,531000000.0,,,,,,,,1480000000.0,1949000000.0,,,1949000000.0,542000000.0,7835000000.0,,,,,,,,531000000.0,,,,23000000.0,,,,,,,,,,
AXP,2023-12-31,108324000.0,0.204,,3015000000.0,421000000.0,,,,2592324000.0,3015000000.0,,,717000000.0,716000000.0,4.15,4.16,2977000000.0,2977000000.0,3015000000.0,3015000000.0,3015000000.0,775000000.0,3790000000.0,,,,,,3429000000.0,,,16333000000.0,16333000000.0,531000000.0,531000000.0,3730000000.0,2064000000.0,5794000000.0,,15000000.0,,531000000.0,,-7000000.0,,,,,,1480000000.0,1949000000.0,,,1949000000.0,542000000.0,7835000000.0,,,,,,,,531000000.0,,,,23000000.0,,,,,,,,,,
BAC,2025-06-30,0.0,0.074402,,7116000000.0,571000000.0,,,,7116000000.0,7116000000.0,,,7651600000.0,7581200000.0,0.89,0.9,6825000000.0,6825000000.0,7116000000.0,7116000000.0,7116000000.0,572000000.0,7688000000.0,,,,,,12888000000.0,,,26463000000.0,26463000000.0,,,14670000000.0,20203000000.0,34873000000.0,,291000000.0,,,,0.0,,,,,,1537000000.0,11351000000.0,,,10332000000.0,640000000.0,1819000000.0,,,,,,1019000000.0,,,,,,,,1836000000.0,,,,,,,,
BAC,2025-03-31,0.0,0.089,,7396000000.0,565000000.0,,,,7396000000.0,7396000000.0,,,7770800000.0,7677900000.0,0.9,0.91,6990000000.0,6990000000.0,7396000000.0,7396000000.0,7396000000.0,720000000.0,8116000000.0,,,,,,13368000000.0,,,27366000000.0,27366000000.0,,,14443000000.0,19623000000.0,34066000000.0,,406000000.0,,,,0.0,,,,,,1420000000.0,11948000000.0,,,10889000000.0,652000000.0,1894000000.0,,,,,,1059000000.0,,,,,,,,1856000000.0,,,,,,,,
BAC,2024-12-31,0.0,0.062324,,6665000000.0,559000000.0,,,,6665000000.0,6665000000.0,,,7843700000.0,7738400000.0,0.82,0.83,6399000000.0,6399000000.0,6665000000.0,6665000000.0,6665000000.0,443000000.0,7108000000.0,,,,,,12335000000.0,,,25347000000.0,25347000000.0,,,14359000000.0,21618000000.0,35977000000.0,,266000000.0,,,,0.0,,,,,,1413000000.0,10922000000.0,,,10245000000.0,744000000.0,1884000000.0,,,,,,677000000.0,,,,,,,,1824000000.0,,,,,,,,
BAC,2024-09-30,0.0,0.058,,6896000000.0,549000000.0,,,,6896000000.0,6896000000.0,,,7902100000.0,7818000000.0,0.81,0.82,6380000000.0,6380000000.0,6896000000.0,6896000000.0,6896000000.0,428000000.0,7324000000.0,,,,,,12136000000.0,,,25345000000.0,25345000000.0,,,13967000000.0,23524000000.0,37491000000.0,,516000000.0,,,,0.0,,,,,,1353000000.0,10783000000.0,,,9916000000.0,723000000.0,1784000000.0,,,,,,867000000.0,,,,,,,0.0,1836000000.0,,,,,,,,
BAC,2024-06-30,0.0,0.088,,6897000000.0,543000000.0,,,,6897000000.0,6897000000.0,,,7960900000.0,7897900000.0,0.83,0.83,6582000000.0,6582000000.0,6897000000.0,6897000000.0,6897000000.0,663000000.0,7560000000.0,,,,,,12074000000.0,,,25377000000.0,25377000000.0,,,13702000000.0,23152000000.0,36854000000.0,,315000000.0,,,,0.0,,,,,,1378000000.0,10696000000.0,,,9826000000.0,654000000.0,1763000000.0,,,,,,870000000.0,,,,,,,0.0,1818000000.0,,,,,,,,
BAC,2024-03-31,0.0,0.088,,6897000000.0,543000000.0,,,,6897000000.0,6897000000.0,,,7960900000.0,7897900000.0,0.83,0.83,6582000000.0,6582000000.0,6897000000.0,6897000000.0,6897000000.0,663000000.0,7560000000.0,,,,,,12074000000.0,,,25377000000.0,25377000000.0,700000000.0,700000000.0,13702000000.0,23152000000.0,36854000000.0,,315000000.0,,700000000.0,,0.0,,,,,,1378000000.0,10696000000.0,,,9826000000.0,654000000.0,1763000000.0,,,,,,870000000.0,,,-700000000.0,,,,0.0,1818000000.0,,,,,,,,
BATRK,2025-06-30,-188211.866638,0.294081,75344000.0,29494000.0,21271000.0,214442000.0,74704000.0,53433000.0,29945788.133362,29494000.0,270653000.0,41787000.0,64117391.0,62753191.0,0.46,0.47,29494000.0,29494000.0,29494000.0,29494000.0,29494000.0,12287000.0,41781000.0,11646000.0,1673000.0,41787000.0,56211000.0,,34940000.0,97998000.0,214442000.0,312440000.0,312440000.0,-640000.0,-640000.0,-11652000.0,11652000.0,,,,,,,-640000.0,21271000.0,21271000.0,,,,,,,,,,,,-11652000.0,11652000.0,,,,,,,,10613000.0,,,,,,,,,,,
BATRK,2025-03-31,-147815.484805,0.232049,-29660000.0,-41391000.0,13257000.0,51171000.0,-30297000.0,-43554000.0,-40901815.484805,-41391000.0,91663000.0,-44452000.0,62590828.0,62590828.0,-0.661295,-0.661295,-41391000.0,-41391000.0,-41391000.0,-41391000.0,-41391000.0,-12507000.0,-53898000.0,898000.0,1213000.0,-44452000.0,40492000.0,,27235000.0,-3960000.0,51171000.0,47211000.0,47211000.0,-637000.0,-637000.0,-10344000.0,10344000.0,,,,,,,-637000.0,13257000.0,13257000.0,,,,,,,,,,,,-10344000.0,10344000.0,,,,,,,,322000.0,,,,,,,,,,,
BATRK,2024-12-31,125695.458331,0.063005,-174000.0,-19125000.0,12160000.0,30496000.0,1821000.0,-10339000.0,-20994304.541669,-19125000.0,70766000.0,-18648000.0,61693548.0,61693548.0,-0.31,-0.31,-19125000.0,-19125000.0,-19125000.0,-19125000.0,-19125000.0,-1286000.0,-20411000.0,8309000.0,2805000.0,-18648000.0,40270000.0,,28110000.0,21622000.0,30496000.0,52118000.0,52118000.0,1995000.0,1995000.0,-10072000.0,10072000.0,,,,,,,1995000.0,12160000.0,12160000.0,,,,,,,,,,,,-10072000.0,10072000.0,,,,,,,,3509000.0,,,,,,,,,,,
BATRK,2024-09-30,-519960.0,0.21,40620000.0,10020000.0,18678000.0,228472000.0,38144000.0,19466000.0,11976040.0,10020000.0,284272000.0,6402000.0,63039000.0,62021000.0,0.16,0.16,10020000.0,10020000.0,10020000.0,10020000.0,10020000.0,-115000.0,9905000.0,13064000.0,1838000.0,6402000.0,55800000.0,,37122000.0,62202000.0,228472000.0,290674000.0,290674000.0,-2476000.0,-2476000.0,-9561000.0,9561000.0,,,,,,,-2476000.0,18678000.0,18678000.0,,,,,,,,,,,,-9561000.0,9561000.0,,,,,,,,13702000.0,,,,,,,,,,,
BATRK,2024-06-30,27439.869303,0.029474,55884000.0,29109000.0,17109000.0,207480000.0,56815000.0,39706000.0,28205439.869303,29109000.0,257940000.0,24936000.0,62792000.0,61948000.0,0.46,0.47,29109000.0,29109000.0,29109000.0,29109000.0,29109000.0,884000.0,29993000.0,14770000.0,2217000.0,24936000.0,50460000.0,,33351000.0,75396000.0,207480000.0,282876000.0,282876000.0,931000.0,931000.0,-9713000.0,9713000.0,,,,,,,931000.0,17109000.0,17109000.0,,,,,,,,,,,,-9713000.0,9713000.0,,,,,,,,11622000.0,,,,,,,,,,,
BATRK,2023-12-31,27439.869303,0.029474,55884000.0,29109000.0,17109000.0,207480000.0,56815000.0,39706000.0,28205439.869303,29109000.0,257940000.0,24936000.0,62792000.0,61948000.0,0.46,0.47,29109000.0,29109000.0,29109000.0,29109000.0,29109000.0,884000.0,29993000.0,14770000.0,2217000.0,24936000.0,50460000.0,,33351000.0,75396000.0,207480000.0,282876000.0,282876000.0,931000.0,931000.0,-9713000.0,9713000.0,,,,,-209000.0,0.0,931000.0,17109000.0,17109000.0,,,,,,,,,,,,-9713000.0,9713000.0,,,,,,,,11622000.0,,,,-209000.0,,,,,,,
C,2025-06-30,454493.197931,0.227247,,4019000000.0,1097000000.0,,,,4017454493.197931,4019000000.0,,,1893100000.0,1855900000.0,1.96,1.98,3702000000.0,3683000000.0,4019000000.0,4033000000.0,4033000000.0,1186000000.0,5219000000.0,,,,,,7928000000.0,,,21661000000.0,21661000000.0,2000000.0,2000000.0,15175000000.0,20684000000.0,35859000000.0,,287000000.0,0.0,2000000.0,,96000000.0,,,,,,269000000.0,7659000000.0,26000000.0,,7633000000.0,510000000.0,4552000000.0,,,,,,,-14000000.0,,,-2000000.0,,49000000.0,19000000.0,615000000.0,,,,,,,,
C,2025-03-31,-12750000.0,0.25,,4065000000.0,1050000000.0,,,,4103250000.0,4064000000.0,,,1919600000.0,1879000000.0,1.96,2.0,3768000000.0,3751000000.0,4064000000.0,4107000000.0,4108000000.0,1340000000.0,5448000000.0,,,,,,7734000000.0,,,21601000000.0,21601000000.0,-51000000.0,-51000000.0,14012000000.0,19654000000.0,33666000000.0,,269000000.0,-1000000.0,-51000000.0,,68000000.0,,,,,,250000000.0,7484000000.0,20000000.0,,7464000000.0,476000000.0,4610000000.0,,,,,,,-43000000.0,-34000000.0,20000000.0,-3000000.0,,44000000.0,17000000.0,574000000.0,,,,,,,,
C,2024-12-31,-59488690.163072,0.239874,,2856000000.0,1019000000.0,,,,3044511309.836928,2856000000.0,,,1931000000.0,1887600000.0,1.34,1.357809,2583000000.0,2563000000.0,2856000000.0,2890000000.0,2890000000.0,912000000.0,3802000000.0,,,,,,7263000000.0,,,19586000000.0,19586000000.0,-248000000.0,-248000000.0,13733000000.0,21314000000.0,35047000000.0,,256000000.0,0.0,-248000000.0,,-215000000.0,,,,,,323000000.0,6940000000.0,17000000.0,,6923000000.0,476000000.0,3026000000.0,,,,,,,-34000000.0,-56000000.0,20000000.0,-11000000.0,,37000000.0,20000000.0,650000000.0,,,,,,,,
C,2024-09-30,-33000000.0,0.25,,3239000000.0,1081000000.0,,,,3338000000.0,3238000000.0,,,1940300000.0,1899900000.0,1.51,1.53,2925000000.0,2905000000.0,3238000000.0,3273000000.0,3274000000.0,1116000000.0,4390000000.0,,,,,,7368000000.0,,,20265000000.0,20265000000.0,-132000000.0,-132000000.0,13362000000.0,23094000000.0,36456000000.0,,277000000.0,-1000000.0,-132000000.0,,-19000000.0,,,,,,282000000.0,7086000000.0,28000000.0,,7058000000.0,476000000.0,5172000000.0,,,,,,,-35000000.0,-67000000.0,56000000.0,9000000.0,,56000000.0,20000000.0,606000000.0,,,,,,,,
C,2024-06-30,-8745243.61949,0.242923,,3217000000.0,1101000000.0,,,,3244254756.38051,3217000000.0,,,1945700000.0,1907700000.0,1.52,1.54,2962000000.0,2943000000.0,3217000000.0,3263000000.0,3263000000.0,1047000000.0,4310000000.0,,,,,,7186000000.0,,,20037000000.0,20037000000.0,-36000000.0,-36000000.0,13493000000.0,22494000000.0,35987000000.0,,242000000.0,0.0,-36000000.0,,7000000.0,,,,,,280000000.0,6906000000.0,18000000.0,,6888000000.0,449000000.0,4996000000.0,,,,,,,-46000000.0,-85000000.0,34000000.0,36000000.0,,32000000.0,19000000.0,597000000.0,,,,,,,,
C,2024-03-31,-8745243.61949,0.242923,,3217000000.0,1101000000.0,,,,3244254756.38051,3217000000.0,,,1945700000.0,1907700000.0,1.52,1.54,2962000000.0,2943000000.0,3217000000.0,3263000000.0,3263000000.0,1047000000.0,4310000000.0,,,,,,7186000000.0,,,20037000000.0,20037000000.0,-36000000.0,-36000000.0,13493000000.0,22494000000.0,35987000000.0,,242000000.0,0.0,-36000000.0,,7000000.0,,,,,,280000000.0,6906000000.0,18000000.0,,6888000000.0,426000000.0,4996000000.0,,,,,,,-46000000.0,-110000000.0,251000000.0,36000000.0,,32000000.0,19000000.0,597000000.0,,,,,,,,
CB,2025-06-30,-385898.815931,0.192949,,2968000000.0,74000000.0,,,3897000000.0,2969614101.184069,2968000000.0,11182000000.0,,403847030.0,399886323.0,7.35,7.42,2968000000.0,2968000000.0,2968000000.0,2999000000.0,2999000000.0,717000000.0,3716000000.0,,,,,,1125000000.0,,,14898000000.0,14898000000.0,-2000000.0,-2000000.0,-181000000.0,181000000.0,8000000.0,,,,-2000000.0,,,,74000000.0,74000000.0,,,,1125000000.0,,,,,,,-181000000.0,181000000.0,,8000000.0,1125000000.0,-31000000.0,,,2000000.0,,,,,,6589000000.0,6589000000.0,6589000000.0,,,,
CB,2025-03-31,0.0,0.193,,1331000000.0,75000000.0,,,1845000000.0,1331000000.0,1331000000.0,11816000000.0,,404674351.0,400681956.0,3.29,3.32,1331000000.0,1331000000.0,1331000000.0,1343000000.0,1343000000.0,321000000.0,1664000000.0,,,,,,1080000000.0,,,13480000000.0,13480000000.0,0.0,0.0,-181000000.0,181000000.0,17000000.0,,,,0.0,,,,75000000.0,75000000.0,,,,1080000000.0,,,,,,,-181000000.0,181000000.0,,12000000.0,1080000000.0,-12000000.0,,,0.0,,,,,,6988000000.0,6988000000.0,6988000000.0,,,,
CB,2024-12-31,-2764347.547291,0.153575,,2575000000.0,82000000.0,,,3308000000.0,2590235652.452709,2575000000.0,11061000000.0,,427740864.0,406900000.0,6.02,6.328336,2575000000.0,2575000000.0,2575000000.0,2640000000.0,2640000000.0,479000000.0,3119000000.0,98000000.0,,,,,1122000000.0,,,14180000000.0,14180000000.0,-18000000.0,-18000000.0,-189000000.0,189000000.0,22000000.0,,,,-18000000.0,,,,82000000.0,82000000.0,,,,1122000000.0,,,,,,,-189000000.0,189000000.0,,8000000.0,1122000000.0,-65000000.0,,,18000000.0,,,,,,6383000000.0,6383000000.0,6383000000.0,,,,
CB,2024-09-30,-1176000.0,0.168,,2324000000.0,81000000.0,,,3186000000.0,2329824000.0,2324000000.0,12108000000.0,,407878727.0,403831412.0,5.7,5.75,2324000000.0,2324000000.0,2324000000.0,2490000000.0,2490000000.0,504000000.0,2994000000.0,-230000000.0,,,,,1094000000.0,,,15102000000.0,15102000000.0,-7000000.0,-7000000.0,-192000000.0,192000000.0,20000000.0,,,,-7000000.0,,,,81000000.0,81000000.0,,,,1094000000.0,,,,,,,-192000000.0,192000000.0,,7000000.0,1094000000.0,-166000000.0,,,7000000.0,,,,,,7613000000.0,7613000000.0,7613000000.0,,,,
CB,2024-06-30,-1267553.584627,0.181079,,2230000000.0,80000000.0,,,2888000000.0,2235732446.415373,2230000000.0,11226000000.0,,408606667.0,404615765.0,5.46,5.51,2230000000.0,2230000000.0,2230000000.0,2216000000.0,2216000000.0,490000000.0,2706000000.0,-29000000.0,,,,,1094000000.0,,,13932000000.0,13932000000.0,-7000000.0,-7000000.0,-182000000.0,182000000.0,23000000.0,,,,-7000000.0,,,,80000000.0,80000000.0,,,,1094000000.0,,,,,,,-182000000.0,182000000.0,,17000000.0,1094000000.0,14000000.0,,,7000000.0,,,,,,6460000000.0,6460000000.0,6460000000.0,,,,
CB,2024-03-31,-1267553.584627,0.181079,,2230000000.0,80000000.0,,,2888000000.0,2235732446.415373,2230000000.0,11226000000.0,,408606667.0,404615765.0,5.46,5.51,2230000000.0,2230000000.0,2230000000.0,2216000000.0,2216000000.0,490000000.0,2706000000.0,21000000.0,,,,,1094000000.0,,,13932000000.0,13932000000.0,-7000000.0,-7000000.0,-182000000.0,182000000.0,23000000.0,,,,-7000000.0,,,,80000000.0,80000000.0,,,,1094000000.0,,,,,,,-182000000.0,182000000.0,,17000000.0,1094000000.0,14000000.0,,,7000000.0,,,,,,6460000000.0,6460000000.0,6460000000.0,,,,
CB,2023-12-31,-1267553.584627,0.181079,,2230000000.0,80000000.0,,,2888000000.0,2235732446.415373,2230000000.0,11226000000.0,,408606667.0,404615765.0,5.46,5.51,2230000000.0,2230000000.0,2230000000.0,2216000000.0,2216000000.0,490000000.0,2706000000.0,-153000000.0,,,,,1094000000.0,,,13932000000.0,13932000000.0,-7000000.0,-7000000.0,-182000000.0,182000000.0,23000000.0,,,,-7000000.0,,,,80000000.0,80000000.0,,,,1094000000.0,,,,,,,-182000000.0,182000000.0,,17000000.0,1094000000.0,14000000.0,,,7000000.0,,,,,,6460000000.0,6460000000.0,6460000000.0,,,,
CHTR,2025-06-30,-13228915.662651,0.216867,5409000000.0,1301000000.0,2176000000.0,6947000000.0,5348000000.0,3172000000.0,1348771084.337349,1301000000.0,10406000000.0,3279000000.0,141684415.0,138205810.0,9.18,9.41,1301000000.0,1301000000.0,1301000000.0,1495000000.0,1495000000.0,414000000.0,1909000000.0,-188000000.0,,3360000000.0,3459000000.0,,157000000.0,6819000000.0,6947000000.0,13766000000.0,12927000000.0,-61000000.0,-61000000.0,-1263000000.0,1263000000.0,,,,,-81000000.0,,20000000.0,2176000000.0,2176000000.0,,,,,157000000.0,,,157000000.0,,,,-1263000000.0,1263000000.0,,1126000000.0,,-194000000.0,,29000000.0,43000000.0,-127000000.0,,,,-9000000.0,,,,,,,
CHTR,2025-03-31,-45124056.09493,0.240022,5464000000.0,1217000000.0,2181000000.0,7023000000.0,5276000000.0,3095000000.0,1359875943.90507,1217000000.0,10375000000.0,3237000000.0,144574684.0,141591396.0,8.42,8.59,1217000000.0,1217000000.0,1217000000.0,1409000000.0,1409000000.0,445000000.0,1854000000.0,-265000000.0,,3360000000.0,3352000000.0,,1171000000.0,6712000000.0,7023000000.0,13735000000.0,12942000000.0,-188000000.0,-188000000.0,-1241000000.0,1241000000.0,,,,,-123000000.0,,-65000000.0,2181000000.0,2181000000.0,,,,949000000.0,222000000.0,,,222000000.0,,,,-1241000000.0,1241000000.0,,1126000000.0,,-192000000.0,,32000000.0,43000000.0,-77000000.0,,,,-91000000.0,,,,,,,
CHTR,2024-12-31,-1808406.647116,0.180841,5498000000.0,1466000000.0,2168000000.0,-555000000.0,5488000000.0,3320000000.0,1474191593.352884,1466000000.0,10472000000.0,3389000000.0,145269468.0,142115129.0,10.1,10.32,1466000000.0,1466000000.0,1466000000.0,1676000000.0,1676000000.0,370000000.0,2046000000.0,-134000000.0,-27000000.0,3454000000.0,11027000000.0,,1171000000.0,14481000000.0,-555000000.0,13926000000.0,13042000000.0,-10000000.0,-10000000.0,-1274000000.0,1274000000.0,,,,,-73000000.0,,63000000.0,2168000000.0,2168000000.0,,,,949000000.0,222000000.0,,,222000000.0,,,,-1274000000.0,1274000000.0,,1126000000.0,,-210000000.0,,52000000.0,43000000.0,-97000000.0,,,,-21000000.0,,,,,,,
CHTR,2024-09-30,-21595744.680851,0.215957,5436000000.0,1280000000.0,2145000000.0,8294000000.0,5336000000.0,3191000000.0,1358404255.319149,1280000000.0,10439000000.0,3335000000.0,145059470.0,142308740.0,8.82,8.99,1280000000.0,1280000000.0,1280000000.0,1474000000.0,1474000000.0,406000000.0,1880000000.0,-165000000.0,2000000.0,3356000000.0,2145000000.0,,1171000000.0,5501000000.0,8294000000.0,13795000000.0,13039000000.0,-100000000.0,-100000000.0,-1311000000.0,1311000000.0,,,,,-21000000.0,,-79000000.0,2145000000.0,2145000000.0,,,,949000000.0,222000000.0,,,222000000.0,,,,-1311000000.0,1311000000.0,,1126000000.0,,-194000000.0,,6000000.0,43000000.0,-67000000.0,,,,-15000000.0,,,,,,,
CHTR,2024-06-30,-19388108.108108,0.230811,5432000000.0,1231000000.0,2170000000.0,6900000000.0,5348000000.0,3178000000.0,1295611891.891892,1231000000.0,10343000000.0,3263000000.0,144914860.0,143329828.0,8.49,8.58,1231000000.0,1231000000.0,1231000000.0,1423000000.0,1423000000.0,427000000.0,1850000000.0,-164000000.0,1000000.0,3342000000.0,3443000000.0,,153000000.0,6785000000.0,6900000000.0,13685000000.0,12979000000.0,-84000000.0,-84000000.0,-1328000000.0,1328000000.0,,,,,-70000000.0,,-14000000.0,2170000000.0,2170000000.0,,,,949000000.0,153000000.0,,,153000000.0,,,,-1328000000.0,1328000000.0,,1120000000.0,,-192000000.0,,67000000.0,0.0,-81000000.0,,,,-3000000.0,,,,,,,
CHTR,2024-03-31,-19388108.108108,0.230811,5432000000.0,1231000000.0,2170000000.0,6900000000.0,5348000000.0,3178000000.0,1295611891.891892,1231000000.0,10343000000.0,3263000000.0,144914860.0,143329828.0,8.49,8.58,1231000000.0,1231000000.0,1231000000.0,1423000000.0,1423000000.0,427000000.0,1850000000.0,-164000000.0,1000000.0,3342000000.0,3443000000.0,,1095000000.0,6785000000.0,6900000000.0,13685000000.0,12979000000.0,-84000000.0,-84000000.0,-1328000000.0,1328000000.0,,,,,-70000000.0,,-14000000.0,2170000000.0,2170000000.0,,,,881000000.0,214000000.0,,,214000000.0,,,,-1328000000.0,1328000000.0,,1120000000.0,,-192000000.0,,67000000.0,0.0,-81000000.0,,,,-3000000.0,,,,,,,
CHTR,2023-12-31,-19388108.108108,0.230811,5432000000.0,1231000000.0,2170000000.0,6900000000.0,5348000000.0,3178000000.0,1295611891.891892,1231000000.0,10343000000.0,3263000000.0,144914860.0,143329828.0,8.49,8.58,1231000000.0,1231000000.0,1231000000.0,1423000000.0,1423000000.0,427000000.0,1850000000.0,-164000000.0,-221000000.0,3342000000.0,3443000000.0,,900000000.0,6785000000.0,6900000000.0,13685000000.0,12979000000.0,-84000000.0,-84000000.0,-1328000000.0,1328000000.0,,,,,-70000000.0,,-14000000.0,2170000000.0,2170000000.0,,,,900000000.0,221000000.0,,,221000000.0,,,,-1328000000.0,1328000000.0,,1120000000.0,,-192000000.0,,67000000.0,0.0,-81000000.0,,,,-3000000.0,,,,,,,
COF,2025-06-30,-119421487.603306,0.280992,,-4263000000.0,1011000000.0,,,,-3957421487.603306,-4277000000.0,,,505600000.0,505600000.0,-8.58,-8.58,-4340000000.0,-4340000000.0,-4277000000.0,-4277000000.0,-4263000000.0,-1666000000.0,-5929000000.0,,,,,,4344000000.0,,,12577000000.0,12577000000.0,-425000000.0,-425000000.0,9995000000.0,3833000000.0,13828000000.0,,65000000.0,-14000000.0,-425000000.0,,,271000000.0,271000000.0,271000000.0,271000000.0,,1345000000.0,2999000000.0,,,2999000000.0,653000000.0,646000000.0,,,,,,,,,41000000.0,384000000.0,,-2000000.0,,737000000.0,,,,,,,,
COF,2025-03-31,0.0,0.188,,1404000000.0,812000000.0,,,,1404000000.0,1404000000.0,,,384000000.0,383100000.0,3.45,3.46,1325000000.0,1325000000.0,1404000000.0,1404000000.0,1404000000.0,325000000.0,1729000000.0,,,,,,3748000000.0,,,10000000000.0,10000000000.0,-308000000.0,-308000000.0,8013000000.0,3405000000.0,11418000000.0,,57000000.0,-14000000.0,-308000000.0,,,16000000.0,16000000.0,16000000.0,16000000.0,,1202000000.0,2546000000.0,,,2546000000.0,437000000.0,1086000000.0,,,,,,,,,198000000.0,110000000.0,,22000000.0,,615000000.0,,,,,,,,
COF,2024-12-31,0.0,0.250857,,1093000000.0,814000000.0,,,,1093000000.0,1096000000.0,,,383400000.0,382400000.0,2.67,2.67,1022000000.0,1022000000.0,1096000000.0,1096000000.0,1093000000.0,366000000.0,1459000000.0,,,,,,3704000000.0,,,10190000000.0,10190000000.0,-308000000.0,-308000000.0,8098000000.0,3619000000.0,11717000000.0,,57000000.0,-14000000.0,-308000000.0,,0.0,19000000.0,19000000.0,19000000.0,19000000.0,,1375000000.0,2329000000.0,,,2329000000.0,630000000.0,712000000.0,,,,,,,,,198000000.0,110000000.0,,17000000.0,,674000000.0,,,,,,,,
COF,2024-09-30,0.0,0.199,,1777000000.0,806000000.0,,,,1777000000.0,1777000000.0,,,383700000.0,383000000.0,4.41,4.42,1692000000.0,1692000000.0,1777000000.0,1777000000.0,1777000000.0,441000000.0,2218000000.0,,,,,,3504000000.0,,,10014000000.0,10014000000.0,-308000000.0,-308000000.0,8076000000.0,3784000000.0,11860000000.0,,57000000.0,-14000000.0,-308000000.0,,-35000000.0,20000000.0,20000000.0,20000000.0,20000000.0,,1113000000.0,2391000000.0,,,2391000000.0,402000000.0,801000000.0,,,,,,,,,198000000.0,110000000.0,,28000000.0,,587000000.0,,,,,,,,
COF,2024-06-30,0.0,0.083,,597000000.0,811000000.0,,,,597000000.0,597000000.0,,,383900000.0,383100000.0,1.38,1.39,531000000.0,531000000.0,597000000.0,597000000.0,597000000.0,54000000.0,651000000.0,,,,,,3264000000.0,,,9506000000.0,9506000000.0,-66000000.0,-66000000.0,7546000000.0,3734000000.0,11280000000.0,,57000000.0,-14000000.0,-66000000.0,,-35000000.0,19000000.0,19000000.0,19000000.0,19000000.0,,1064000000.0,2200000000.0,,,2200000000.0,316000000.0,796000000.0,,,,,,,,,35000000.0,31000000.0,,9000000.0,,551000000.0,,,,,,,,
COF,2024-03-31,0.0,0.083,,597000000.0,811000000.0,,,,597000000.0,597000000.0,,,383900000.0,383100000.0,1.38,1.39,531000000.0,531000000.0,597000000.0,597000000.0,597000000.0,54000000.0,651000000.0,,,,,,3264000000.0,,,9506000000.0,9506000000.0,-42000000.0,-42000000.0,7546000000.0,3734000000.0,11280000000.0,,57000000.0,-14000000.0,-42000000.0,,-35000000.0,19000000.0,19000000.0,19000000.0,19000000.0,,1064000000.0,2200000000.0,,,2200000000.0,316000000.0,796000000.0,,,,,,,,,42000000.0,31000000.0,,9000000.0,,551000000.0,,,,,,,,
CVX,2025-06-30,0.0,0.393537,8830000000.0,2490000000.0,4409000000.0,31202000000.0,8830000000.0,4421000000.0,2490000000.0,2490000000.0,40318000000.0,,1724397000.0,1719184000.0,1.45,1.45,2490000000.0,2490000000.0,2490000000.0,2515000000.0,2515000000.0,1632000000.0,4147000000.0,364000000.0,-172000000.0,4057000000.0,9116000000.0,,889000000.0,13173000000.0,31202000000.0,44375000000.0,44375000000.0,,,-274000000.0,274000000.0,,,,,,,,,,,,,,,,,,,,,-274000000.0,274000000.0,,6926000000.0,,-25000000.0,,,,536000000.0,,,,,,,,1301000000.0,,,
CVX,2025-03-31,0.0,0.37,10030000000.0,3500000000.0,4235000000.0,32733000000.0,10030000000.0,5795000000.0,3500000000.0,3500000000.0,41804000000.0,,1751441000.0,1744628000.0,2.0,2.01,3500000000.0,3500000000.0,3500000000.0,3512000000.0,3512000000.0,2071000000.0,5583000000.0,1498000000.0,678000000.0,4297000000.0,9071000000.0,,1221000000.0,13368000000.0,32733000000.0,46101000000.0,46101000000.0,,,-212000000.0,212000000.0,,,,,,,,,,,,,,,,,,,,,-212000000.0,212000000.0,,6595000000.0,,-12000000.0,,,,820000000.0,,,,,,,,1255000000.0,,,
CVX,2024-12-31,0.0,0.21,10349000000.0,3239000000.0,4091000000.0,35121000000.0,10349000000.0,6258000000.0,3239000000.0,3239000000.0,45918000000.0,,1777366000.0,1770310000.0,1.84,1.85,3239000000.0,3239000000.0,3239000000.0,3259000000.0,3259000000.0,2800000000.0,6059000000.0,3842000000.0,3154000000.0,2416000000.0,10797000000.0,,1585000000.0,13213000000.0,35121000000.0,48334000000.0,48334000000.0,,,-199000000.0,199000000.0,,,,,,,,,,,,,,,,,,,,,-199000000.0,199000000.0,,8071000000.0,,-20000000.0,,,,688000000.0,,,,,,,,1141000000.0,,,
CVX,2024-09-30,0.0,0.31,10883000000.0,4487000000.0,4230000000.0,34664000000.0,10883000000.0,6653000000.0,4487000000.0,4487000000.0,43967000000.0,,1807030000.0,1800336000.0,2.48,2.49,4487000000.0,4487000000.0,4487000000.0,4496000000.0,4496000000.0,1993000000.0,6489000000.0,1694000000.0,433000000.0,4959000000.0,9303000000.0,,1191000000.0,14262000000.0,34664000000.0,48926000000.0,48926000000.0,,,-164000000.0,164000000.0,,,,,,,,,,,,,,,,,,,,,-164000000.0,164000000.0,,6849000000.0,,-9000000.0,,,,1261000000.0,,,,,,,,1263000000.0,,,
CVX,2024-06-30,0.0,0.368533,11334000000.0,4434000000.0,4185000000.0,34871000000.0,11334000000.0,7149000000.0,4434000000.0,4434000000.0,43984000000.0,,1833431000.0,1825842000.0,2.43,2.43,4434000000.0,4434000000.0,4434000000.0,4443000000.0,4443000000.0,2593000000.0,7036000000.0,1559000000.0,353000000.0,5590000000.0,9113000000.0,,1048000000.0,14703000000.0,34871000000.0,49574000000.0,49574000000.0,,,-113000000.0,113000000.0,,,,,,,,,,,,,,,,,,,,,-113000000.0,113000000.0,,6877000000.0,,-9000000.0,,,,1206000000.0,,,,,,,,1188000000.0,,,
DPZ,2025-06-30,858143.0,0.221,229367000.0,131091000.0,20351000.0,684174000.0,233250000.0,212899000.0,128066143.0,131091000.0,923983000.0,225044000.0,34401016.0,34163399.0,3.81,3.84,131091000.0,131091000.0,131091000.0,131091000.0,131091000.0,37160000.0,168251000.0,-12091000.0,-15974000.0,221161000.0,239809000.0,,239809000.0,460970000.0,684174000.0,1145144000.0,1145144000.0,3883000.0,3883000.0,-40819000.0,44648000.0,3829000.0,,,,3883000.0,,,,,,,,132201000.0,107608000.0,,,,,,,-40819000.0,44648000.0,3829000.0,,107608000.0,,,,-3883000.0,,,,,,,,,,,,
DPZ,2025-03-31,0.0,0.223,258429000.0,149651000.0,20362000.0,668909000.0,258429000.0,238067000.0,149651000.0,149651000.0,901961000.0,210095000.0,34553820.0,34284052.0,4.33,4.37,149651000.0,149651000.0,149651000.0,149651000.0,149651000.0,42831000.0,192482000.0,24027000.0,24027000.0,210095000.0,233052000.0,,233052000.0,443147000.0,668909000.0,1112056000.0,1112056000.0,0.0,0.0,-41640000.0,45585000.0,3945000.0,,,,0.0,,,,,,,,123975000.0,109077000.0,,,,,,,-41640000.0,45585000.0,3945000.0,,109077000.0,,,,0.0,,,,,,,,,,,,
DPZ,2024-12-31,0.0,0.233261,308328000.0,169444000.0,26758000.0,878060000.0,308328000.0,281570000.0,169444000.0,169444000.0,1170262000.0,273652000.0,34655676.0,34281927.0,4.89,4.942663,169444000.0,169444000.0,169444000.0,169444000.0,169444000.0,51549000.0,220993000.0,3193000.0,3193000.0,273652000.0,292202000.0,,292202000.0,565854000.0,878060000.0,1443914000.0,1443914000.0,0.0,0.0,-55852000.0,60577000.0,4725000.0,,,,0.0,,,,,,,,153672000.0,138530000.0,,,,,,,-55852000.0,60577000.0,4725000.0,,138530000.0,,,,0.0,,,,,,,,,,,,
DPZ,2024-09-30,0.0,0.204,250098000.0,146924000.0,20756000.0,656372000.0,250098000.0,229342000.0,146924000.0,146924000.0,881288000.0,198831000.0,35039408.0,34801086.0,4.19,4.22,146924000.0,146924000.0,146924000.0,146924000.0,146924000.0,37692000.0,184616000.0,26172000.0,26172000.0,198831000.0,224916000.0,,224916000.0,423747000.0,656372000.0,1080119000.0,1080119000.0,0.0,0.0,-40387000.0,44726000.0,4339000.0,,,,0.0,,,,,,,,120925000.0,103991000.0,,,,,,,-40387000.0,44726000.0,4339000.0,,103991000.0,,,,0.0,,,,,,,,,,,,
DPZ,2024-06-30,-3750.0,0.15,232094000.0,141978000.0,20349000.0,660705000.0,232069000.0,211720000.0,141999250.0,141978000.0,901608000.0,196103000.0,35224080.0,34904786.0,4.03,4.07,141978000.0,141978000.0,141978000.0,141978000.0,141978000.0,25021000.0,166999000.0,11373000.0,11398000.0,196128000.0,240903000.0,,240903000.0,437031000.0,660705000.0,1097736000.0,1097736000.0,-25000.0,-25000.0,-40502000.0,44721000.0,4219000.0,,,,-25000.0,,,,,,,,124956000.0,115947000.0,,,,,,,-40502000.0,44721000.0,4219000.0,,115947000.0,,,,25000.0,,,,,,,,,,,,
DVA,2025-06-30,0.0,0.254001,689694000.0,199337000.0,174704000.0,2261540000.0,689694000.0,514990000.0,199337000.0,199337000.0,2849049000.0,537841000.0,77362000.0,75943000.0,2.58,2.62,199337000.0,199337000.0,199337000.0,275220000.0,275220000.0,93708000.0,368928000.0,-15487000.0,-22851000.0,530477000.0,587509000.0,,412805000.0,1117986000.0,2261540000.0,3379526000.0,3206871000.0,0.0,0.0,-146062000.0,146062000.0,,,,,0.0,,,174704000.0,174704000.0,,,,,412805000.0,,,,,,,-146062000.0,146062000.0,,,412805000.0,-75883000.0,0.0,,,7364000.0,,,,,,,,,,,
DVA,2025-03-31,0.0,0.189,597839000.0,162917000.0,176451000.0,2239660000.0,597839000.0,421388000.0,162917000.0,162917000.0,2790201000.0,438937000.0,81275000.0,79368000.0,2.0,2.05,162917000.0,162917000.0,162917000.0,232216000.0,232216000.0,54117000.0,286333000.0,-11940000.0,-17549000.0,433328000.0,550541000.0,,374090000.0,983869000.0,2239660000.0,3223529000.0,3102993000.0,0.0,0.0,-135055000.0,135055000.0,,,,,0.0,,,176451000.0,176451000.0,,,,,374090000.0,,,,,,,-135055000.0,135055000.0,,,374090000.0,-69299000.0,0.0,,,5609000.0,,,,,,,,,,,
DVA,2024-12-31,11584001.450211,0.155869,652237000.0,259329000.0,174102000.0,2225371000.0,726556000.0,552454000.0,196594001.450211,259329000.0,2813955000.0,565362000.0,83854000.0,81620000.0,3.09,3.18,259329000.0,259329000.0,259329000.0,349245000.0,349245000.0,64488000.0,413733000.0,71726000.0,-12908000.0,480728000.0,588584000.0,,414482000.0,1069312000.0,2225371000.0,3294683000.0,3119180000.0,74319000.0,74319000.0,-138721000.0,138721000.0,,,,,74319000.0,,,174102000.0,174102000.0,,,,,414482000.0,,,,,,,-138721000.0,138721000.0,,,414482000.0,-89916000.0,0.0,0.0,-74319000.0,10315000.0,,,,,,,,,,,
DVA,2024-09-30,-2096848.0,0.208,705112000.0,214688000.0,187014000.0,2151875000.0,695031000.0,508017000.0,222672152.0,214688000.0,2732423000.0,534878000.0,85795000.0,83721000.0,2.5,2.56,214688000.0,214688000.0,214688000.0,295760000.0,295760000.0,77674000.0,373434000.0,-23150000.0,-16780000.0,531167000.0,580548000.0,,393534000.0,1111715000.0,2151875000.0,3263590000.0,3138561000.0,-10081000.0,-10081000.0,-134583000.0,134583000.0,,,,,-10081000.0,,,187014000.0,187014000.0,,,,,393534000.0,,,,,,,-134583000.0,134583000.0,,,393534000.0,-81072000.0,0.0,10081000.0,0.0,3711000.0,,,,,,,,,,,
DVA,2024-06-30,-1878278.096059,0.193,654580000.0,222676000.0,175661000.0,2142299000.0,644848000.0,469187000.0,230529721.903941,222676000.0,2685805000.0,506398000.0,88950000.0,86899000.0,2.5,2.56,222676000.0,222676000.0,222676000.0,299752000.0,299752000.0,71688000.0,371440000.0,-31730000.0,-27479000.0,500917000.0,543506000.0,,367845000.0,1044423000.0,2142299000.0,3186722000.0,3061102000.0,-9732000.0,-9732000.0,-97747000.0,97747000.0,,,,,-9732000.0,,,175661000.0,175661000.0,,,,,367845000.0,,,,,,,-97747000.0,97747000.0,,,367845000.0,-77076000.0,0.0,9732000.0,0.0,5481000.0,,,,,,,,,,,
DVA,2024-03-31,-1878278.096059,0.193,654580000.0,222676000.0,175661000.0,2142299000.0,644848000.0,469187000.0,230529721.903941,222676000.0,2685805000.0,506398000.0,88950000.0,86899000.0,2.5,2.56,222676000.0,222676000.0,222676000.0,299752000.0,299752000.0,71688000.0,371440000.0,-31730000.0,-27479000.0,500917000.0,543506000.0,,367845000.0,1044423000.0,2142299000.0,3186722000.0,3061102000.0,-9732000.0,-9732000.0,-97747000.0,97747000.0,,,,,-9732000.0,,,175661000.0,175661000.0,,,,,367845000.0,,,,,,,-97747000.0,97747000.0,,,367845000.0,-77076000.0,35147000.0,9732000.0,0.0,5481000.0,,,,,,,,,,,
DVA,2023-12-31,-1878278.096059,0.193,654580000.0,222676000.0,175661000.0,2142299000.0,644848000.0,469187000.0,230529721.903941,222676000.0,2685805000.0,506398000.0,88950000.0,86899000.0,2.5,2.56,222676000.0,222676000.0,222676000.0,299752000.0,299752000.0,71688000.0,371440000.0,-31730000.0,-27479000.0,500917000.0,543506000.0,,367845000.0,1044423000.0,2142299000.0,3186722000.0,3061102000.0,-9732000.0,-9732000.0,-97747000.0,97747000.0,,,,,-9732000.0,,,175661000.0,175661000.0,,,,,367845000.0,,,,,,,-97747000.0,97747000.0,,,367845000.0,-77076000.0,35147000.0,0.0,0.0,5481000.0,,,,,,,,,,,
FND,2025-06-30,-1118406.295627,0.218268,147006000.0,63178000.0,59988000.0,681462000.0,141882000.0,81894000.0,67183593.704373,63178000.0,1127132000.0,81894000.0,,,,,63178000.0,63178000.0,63178000.0,63178000.0,63178000.0,17640000.0,80818000.0,-5124000.0,,87018000.0,445670000.0,,445670000.0,532688000.0,681462000.0,1214150000.0,1214150000.0,-5124000.0,-5124000.0,-1076000.0,1076000.0,,,,,-5124000.0,,,,,,,,376240000.0,69430000.0,,,,,,,-1076000.0,1076000.0,,,69430000.0,,,5124000.0,,,,,,,,,,,,,
FND,2025-03-31,-1318460.0,0.22,130187000.0,48878000.0,59965000.0,652572000.0,124194000.0,64229000.0,53552540.0,48878000.0,1090518000.0,64229000.0,108442000.0,107455000.0,0.45,0.45,48878000.0,48878000.0,48878000.0,48878000.0,48878000.0,13803000.0,62681000.0,-5993000.0,,70222000.0,437946000.0,,437946000.0,508168000.0,652572000.0,1160740000.0,1160740000.0,-5993000.0,-5993000.0,-1548000.0,1548000.0,,,,,-5993000.0,,,,,,,,368805000.0,69141000.0,,,,,,,-1548000.0,1548000.0,,,69141000.0,,,5993000.0,,,,,,,,,,,,,
FND,2024-12-31,-2112299.254059,0.198636,129637000.0,47484000.0,59783000.0,626095000.0,119003000.0,59220000.0,56005700.745941,47484000.0,1037562000.0,59220000.0,108431000.0,107300000.0,0.44,0.44,47484000.0,47484000.0,47484000.0,47484000.0,47484000.0,11770000.0,59254000.0,-10634000.0,,69854000.0,411467000.0,,411467000.0,481321000.0,626095000.0,1107416000.0,1107416000.0,-10634000.0,-10634000.0,34000.0,-34000.0,,,,,-10634000.0,,,,,,,,347437000.0,64030000.0,,,,,,,34000.0,-34000.0,,,64030000.0,,,10634000.0,,,,,,,,,,,,,
FND,2024-09-30,-2775358.0,0.218,136931000.0,51690000.0,57883000.0,632056000.0,124200000.0,66317000.0,61645642.0,51690000.0,1038878000.0,66317000.0,108292000.0,107185000.0,0.48,0.48,51690000.0,51690000.0,51690000.0,51690000.0,51690000.0,14438000.0,66128000.0,-12731000.0,,79048000.0,406822000.0,,406822000.0,485870000.0,632056000.0,1117926000.0,1117926000.0,-12731000.0,-12731000.0,-189000.0,189000.0,,,,,-12731000.0,,,,,,,,339135000.0,67687000.0,,,,,,,-189000.0,189000.0,,,67687000.0,,,12731000.0,,,,,,,,,,,,,
FND,2024-06-30,-2104146.0,0.198,140339000.0,56666000.0,58384000.0,642105000.0,129712000.0,71328000.0,65188854.0,56666000.0,1051184000.0,71328000.0,108274000.0,107046000.0,0.52,0.53,56666000.0,56666000.0,56666000.0,56666000.0,56666000.0,13999000.0,70665000.0,-10627000.0,,81955000.0,409079000.0,,409079000.0,491034000.0,642105000.0,1133139000.0,1133139000.0,-10627000.0,-10627000.0,-663000.0,663000.0,,,,,-10627000.0,,,,,,,,341408000.0,67671000.0,,,,,,,-663000.0,663000.0,,,67671000.0,,,10627000.0,,,,,,,,,,,,,
FND,2024-03-31,-2104146.0,0.198,140339000.0,56666000.0,58384000.0,642105000.0,129712000.0,71328000.0,65188854.0,56666000.0,1051184000.0,71328000.0,108255000.0,106770000.0,0.46,0.47,56666000.0,56666000.0,56666000.0,56666000.0,56666000.0,13999000.0,70665000.0,-10627000.0,,81955000.0,409079000.0,,409079000.0,491034000.0,642105000.0,1133139000.0,1133139000.0,-10627000.0,-10627000.0,-663000.0,663000.0,,,,,-10627000.0,,,,,,,,341408000.0,67671000.0,,,,,,,-663000.0,663000.0,,9593000.0,67671000.0,,,10627000.0,,,,,,,,,,,,,
FND,2023-12-31,-2104146.0,0.198,140339000.0,56666000.0,58384000.0,642105000.0,129712000.0,71328000.0,65188854.0,56666000.0,1051184000.0,71328000.0,108255000.0,106770000.0,0.46,0.47,56666000.0,56666000.0,56666000.0,56666000.0,56666000.0,13999000.0,70665000.0,-10627000.0,,81955000.0,409079000.0,,409079000.0,491034000.0,642105000.0,1133139000.0,1133139000.0,-10627000.0,-10627000.0,-663000.0,663000.0,,,,,-10627000.0,,,,,,,,341408000.0,67671000.0,,,,,,,-663000.0,663000.0,,12756000.0,67671000.0,,,10627000.0,,,,,,,,,,,,,
FWONK,2025-06-30,25189010.989011,0.16044,427000000.0,382000000.0,80000000.0,867000000.0,584000000.0,504000000.0,250189010.989011,382000000.0,1058000000.0,280000000.0,252000000.0,250000000.0,1.52,1.53,382000000.0,382000000.0,382000000.0,382000000.0,382000000.0,73000000.0,455000000.0,221000000.0,66000000.0,283000000.0,191000000.0,,111000000.0,474000000.0,867000000.0,1341000000.0,1203000000.0,157000000.0,157000000.0,-49000000.0,49000000.0,,,,,-3000000.0,,160000000.0,80000000.0,80000000.0,,,,,,,,,,,,-49000000.0,49000000.0,,,,0.0,,,3000000.0,-2000000.0,,,,,,,,,,,
FWONK,2025-03-31,11340000.0,0.21,54000000.0,5000000.0,77000000.0,325000000.0,108000000.0,31000000.0,-37660000.0,5000000.0,507000000.0,-71000000.0,257000000.0,249000000.0,0.05,0.09,5000000.0,5000000.0,5000000.0,5000000.0,5000000.0,-29000000.0,-24000000.0,91000000.0,36000000.0,-60000000.0,182000000.0,,104000000.0,122000000.0,325000000.0,447000000.0,400000000.0,54000000.0,54000000.0,-55000000.0,55000000.0,,,,0.0,-11000000.0,,65000000.0,77000000.0,77000000.0,,,,,,,,,,,,-55000000.0,55000000.0,,1000000.0,,0.0,,,11000000.0,1000000.0,,,,,,,,,,,
FWONK,2024-12-31,-60480000.0,0.21,202000000.0,-248000000.0,89000000.0,855000000.0,-86000000.0,-175000000.0,-20480000.0,-248000000.0,1062000000.0,23000000.0,257000000.0,249000000.0,0.05,0.09,-248000000.0,-248000000.0,-248000000.0,-248000000.0,-248000000.0,27000000.0,-221000000.0,-280000000.0,12000000.0,105000000.0,207000000.0,,113000000.0,312000000.0,855000000.0,1167000000.0,1067000000.0,-288000000.0,-288000000.0,-46000000.0,46000000.0,,,,0.0,-82000000.0,,-206000000.0,89000000.0,89000000.0,,,,,,,,,,,,-46000000.0,46000000.0,,5000000.0,,0.0,,,11000000.0,-4000000.0,,0.0,,,,,,,82000000.0,,
FWONK,2024-09-30,7560000.0,0.21,221000000.0,117000000.0,88000000.0,595000000.0,257000000.0,169000000.0,88560000.0,117000000.0,798000000.0,110000000.0,244000000.0,242000000.0,0.48,0.48,117000000.0,117000000.0,117000000.0,117000000.0,117000000.0,-2000000.0,115000000.0,56000000.0,21000000.0,113000000.0,203000000.0,,113000000.0,316000000.0,595000000.0,911000000.0,848000000.0,36000000.0,36000000.0,-54000000.0,54000000.0,,,,0.0,-3000000.0,,39000000.0,88000000.0,88000000.0,,,,,,,,,,,,-54000000.0,54000000.0,,2000000.0,,0.0,,,11000000.0,-1000000.0,,0.0,,,,,,,3000000.0,,
FWONK,2024-06-30,-2520000.0,0.21,177000000.0,24000000.0,89000000.0,733000000.0,165000000.0,76000000.0,33480000.0,24000000.0,918000000.0,59000000.0,238000000.0,235000000.0,0.1,0.1,24000000.0,24000000.0,24000000.0,24000000.0,24000000.0,-1000000.0,23000000.0,6000000.0,20000000.0,70000000.0,185000000.0,,96000000.0,255000000.0,733000000.0,988000000.0,853000000.0,-12000000.0,-12000000.0,-53000000.0,53000000.0,,,,0.0,-11000000.0,,-1000000.0,89000000.0,89000000.0,,,,,,,,,,,,-53000000.0,53000000.0,,5000000.0,,0.0,,,11000000.0,-2000000.0,,0.0,,,,,,,11000000.0,,
FWONK,2024-03-31,-2520000.0,0.21,177000000.0,24000000.0,89000000.0,733000000.0,165000000.0,76000000.0,33480000.0,24000000.0,918000000.0,59000000.0,243000000.0,235000000.0,0.32,0.33,24000000.0,24000000.0,24000000.0,24000000.0,24000000.0,-1000000.0,23000000.0,6000000.0,20000000.0,70000000.0,185000000.0,,96000000.0,255000000.0,733000000.0,988000000.0,853000000.0,-12000000.0,-12000000.0,-53000000.0,53000000.0,,,,241000000.0,-11000000.0,,-1000000.0,89000000.0,89000000.0,,,,,,,,,,,,-53000000.0,53000000.0,,1000000.0,,0.0,,,9000000.0,-2000000.0,,0.0,,,,,,,9000000.0,,
FWONK,2023-12-31,-2520000.0,0.21,177000000.0,24000000.0,89000000.0,733000000.0,165000000.0,76000000.0,33480000.0,24000000.0,918000000.0,59000000.0,243000000.0,235000000.0,0.32,0.33,24000000.0,24000000.0,24000000.0,24000000.0,24000000.0,-1000000.0,23000000.0,6000000.0,20000000.0,70000000.0,185000000.0,,96000000.0,255000000.0,733000000.0,988000000.0,853000000.0,-12000000.0,-12000000.0,-53000000.0,53000000.0,,,,241000000.0,-11000000.0,,-1000000.0,89000000.0,89000000.0,,,,,,,,,,,,-53000000.0,53000000.0,,1000000.0,,0.0,,,9000000.0,-2000000.0,,0.0,,,,,,,0.0,,
JEF,2025-05-31,0.0,0.323,1050228000.0,99063000.0,55459000.0,1024339000.0,1050228000.0,994769000.0,99063000.0,99063000.0,1429070000.0,,221897000.0,215097000.0,0.4,0.41,88017000.0,88017000.0,99063000.0,91395000.0,91395000.0,43506000.0,134901000.0,-70476000.0,-70476000.0,1065245000.0,401525000.0,80070000.0,254677000.0,1466770000.0,1027545000.0,2494315000.0,2379110000.0,,,-859868000.0,859868000.0,,30711000.0,11046000.0,0.0,,,,52253000.0,52253000.0,,,,,254677000.0,,30711000.0,,,,,-859868000.0,859868000.0,,14525000.0,223966000.0,7668000.0,,,,,,,,,,,,,,,
JEF,2025-02-28,0.0,0.094,1063905000.0,143832000.0,32995000.0,990124000.0,1063905000.0,1030910000.0,143832000.0,143832000.0,1355396000.0,,222448000.0,214536000.0,0.57,0.6,127793000.0,127793000.0,143832000.0,136849000.0,136849000.0,14216000.0,151065000.0,-86558000.0,-86558000.0,1117468000.0,363265000.0,72291000.0,242140000.0,1480733000.0,992131000.0,2472864000.0,2355619000.0,,,-879845000.0,879845000.0,,30199000.0,16039000.0,0.0,,,,30988000.0,30988000.0,,,,,242140000.0,,30199000.0,,,,,-879845000.0,879845000.0,,17846000.0,211941000.0,6983000.0,,,,,,,,,,,,,,,
JEF,2024-11-30,0.0,0.282478,1255768000.0,227008000.0,56266000.0,1184707000.0,1255768000.0,1199502000.0,227008000.0,232163000.0,1593680000.0,,222448000.0,214536000.0,0.57,0.6,206554000.0,206554000.0,232163000.0,223901000.0,218746000.0,86117000.0,304863000.0,-58060000.0,-58060000.0,1257562000.0,403908000.0,72291000.0,246242000.0,1661470000.0,1189772000.0,2851242000.0,2616704000.0,,,-894639000.0,894639000.0,,31053000.0,25609000.0,5155000.0,,,,51201000.0,51201000.0,,,,,246242000.0,,31053000.0,,,,,-894639000.0,894639000.0,,300898000.0,215189000.0,8262000.0,,,,,,,,,,,,,,,
JEF,2024-08-31,0.0,0.309,1212586000.0,181550000.0,47862000.0,1025732000.0,1212586000.0,1164724000.0,181550000.0,187913000.0,1387424000.0,,221699000.0,214452000.0,0.75,0.78,167128000.0,167128000.0,187913000.0,181039000.0,174676000.0,78011000.0,252687000.0,-43441000.0,-43441000.0,1208165000.0,359807000.0,68152000.0,231661000.0,1567972000.0,1027617000.0,2595589000.0,2471010000.0,,,-912037000.0,912037000.0,,30078000.0,20785000.0,6363000.0,,,,45977000.0,45977000.0,,,,,231661000.0,,30078000.0,,,,,-912037000.0,912037000.0,,14017000.0,201583000.0,6874000.0,,,,,,,,,,,,,,,
JEF,2024-05-31,0.0,0.321,1137551000.0,159437000.0,49523000.0,1010414000.0,1137551000.0,1087605000.0,159437000.0,159477000.0,1387177000.0,,226146000.0,219971000.0,0.64,0.66,145736000.0,145736000.0,159477000.0,154687000.0,154647000.0,73107000.0,227754000.0,-41514000.0,-41514000.0,1129119000.0,377186000.0,68630000.0,240058000.0,1506305000.0,1009991000.0,2516296000.0,2318056000.0,,,-859851000.0,859851000.0,,29327000.0,13741000.0,40000.0,,,,49946000.0,49946000.0,,,,,240058000.0,,29327000.0,,,,,-859851000.0,859851000.0,,18552000.0,210731000.0,4790000.0,,,,,1045000.0,0.0,,,,,,,,,
JEF,2024-02-29,0.0,0.321,1137551000.0,159437000.0,49523000.0,1010414000.0,1137551000.0,1087605000.0,159437000.0,159477000.0,1387177000.0,,225168000.0,219902000.0,0.66,0.68,145736000.0,145736000.0,159477000.0,154687000.0,154647000.0,73107000.0,227754000.0,-41514000.0,-41514000.0,1129119000.0,377186000.0,57651000.0,240058000.0,1506305000.0,1009991000.0,2516296000.0,2318056000.0,,,-859851000.0,859851000.0,,29327000.0,13741000.0,40000.0,,,,49946000.0,49946000.0,,,,,240058000.0,,29327000.0,,,,,-859851000.0,859851000.0,,18552000.0,210731000.0,4790000.0,,,,,1045000.0,0.0,,,,,,,,,
JEF,2023-11-30,0.0,0.321,1137551000.0,159437000.0,49523000.0,1010414000.0,1137551000.0,1087605000.0,159437000.0,159477000.0,1387177000.0,,225168000.0,219902000.0,0.66,0.68,145736000.0,145736000.0,159477000.0,154687000.0,154647000.0,73107000.0,227754000.0,-41514000.0,-41514000.0,1129119000.0,377186000.0,57651000.0,240058000.0,1506305000.0,1009991000.0,2516296000.0,2318056000.0,,,-859851000.0,859851000.0,,29327000.0,13741000.0,40000.0,,,,49946000.0,49946000.0,,,,,240058000.0,,29327000.0,,,,,-859851000.0,859851000.0,,18552000.0,210731000.0,4790000.0,,,,,7385000.0,0.0,,,,,,,,,
KHC,2025-06-30,-390627647.851108,0.042121,1588000000.0,-7824000000.0,241000000.0,4169000000.0,-7686000000.0,-7927000000.0,1059372352.148892,-7824000000.0,5060000000.0,-7974000000.0,1185000000.0,1185000000.0,-6.6,-6.6,-7824000000.0,-7824000000.0,-7824000000.0,-7823000000.0,-7823000000.0,-344000000.0,-8167000000.0,-9247000000.0,27000000.0,1292000000.0,891000000.0,,891000000.0,2183000000.0,4169000000.0,6352000000.0,6352000000.0,-9274000000.0,-9274000000.0,-212000000.0,240000000.0,28000000.0,,,,-9266000000.0,9266000000.0,-8000000.0,,,,,,,,,,,,,,-212000000.0,240000000.0,28000000.0,,,-1000000.0,0.0,,,,,,,,,,,,,,
KHC,2025-03-31,-1495000.0,0.299,1483000000.0,712000000.0,231000000.0,3935000000.0,1478000000.0,1247000000.0,715505000.0,712000000.0,4803000000.0,1196000000.0,1198000000.0,1194000000.0,0.59,0.6,712000000.0,712000000.0,712000000.0,714000000.0,714000000.0,304000000.0,1018000000.0,28000000.0,33000000.0,1196000000.0,868000000.0,,868000000.0,2064000000.0,3935000000.0,5999000000.0,5999000000.0,-5000000.0,-5000000.0,-206000000.0,229000000.0,23000000.0,,,,0.0,9266000000.0,-5000000.0,,,,,,,837000000.0,,,-31000000.0,,,,-206000000.0,229000000.0,23000000.0,,868000000.0,-2000000.0,0.0,,,,,,,,,,,,,,
KHC,2024-12-31,-293160000.0,0.21,1619000000.0,2131000000.0,234000000.0,4331000000.0,223000000.0,-11000000.0,3233840000.0,2131000000.0,5229000000.0,-40000000.0,1207000000.0,1203000000.0,1.76,1.77,2131000000.0,2131000000.0,2131000000.0,2132000000.0,2132000000.0,-2370000000.0,-238000000.0,-1378000000.0,18000000.0,1347000000.0,898000000.0,,898000000.0,2245000000.0,4331000000.0,6576000000.0,6576000000.0,-1396000000.0,-1396000000.0,-207000000.0,227000000.0,20000000.0,,,,-1390000000.0,1387000000.0,-6000000.0,,,,,,,869000000.0,,,-29000000.0,,,,-207000000.0,227000000.0,20000000.0,,898000000.0,-1000000.0,-3000000.0,,,,,,,,,,,,,,
KHC,2024-09-30,-300720000.0,0.21,1624000000.0,-290000000.0,245000000.0,4197000000.0,192000000.0,-53000000.0,841280000.0,-290000000.0,5056000000.0,-101000000.0,1210000000.0,1210000000.0,-0.24,-0.24,-290000000.0,-290000000.0,-290000000.0,-290000000.0,-290000000.0,7000000.0,-283000000.0,-1396000000.0,36000000.0,1327000000.0,859000000.0,,859000000.0,2186000000.0,4197000000.0,6383000000.0,6383000000.0,-1432000000.0,-1432000000.0,-214000000.0,230000000.0,16000000.0,,,,-1427000000.0,1428000000.0,-5000000.0,,,,,,,821000000.0,,,-38000000.0,,,,-214000000.0,230000000.0,16000000.0,,859000000.0,0.0,1000000.0,,,,,,,,,,,,,,
KHC,2024-06-30,-179340000.0,0.21,1670000000.0,102000000.0,239000000.0,4182000000.0,816000000.0,577000000.0,776660000.0,102000000.0,5100000000.0,522000000.0,1216000000.0,1212000000.0,0.08,0.08,102000000.0,102000000.0,102000000.0,100000000.0,100000000.0,248000000.0,348000000.0,-816000000.0,38000000.0,1376000000.0,918000000.0,,918000000.0,2294000000.0,4182000000.0,6476000000.0,6476000000.0,-854000000.0,-854000000.0,-212000000.0,229000000.0,17000000.0,,,,-853000000.0,854000000.0,-1000000.0,,,,,,,885000000.0,,,-33000000.0,,,,-212000000.0,229000000.0,17000000.0,,918000000.0,2000000.0,1000000.0,,,,,,,,,,,,,,
KHC,2024-03-31,-179340000.0,0.21,1670000000.0,102000000.0,239000000.0,4182000000.0,816000000.0,577000000.0,776660000.0,102000000.0,5100000000.0,522000000.0,1216000000.0,1212000000.0,0.08,0.08,102000000.0,102000000.0,102000000.0,100000000.0,100000000.0,248000000.0,348000000.0,-816000000.0,38000000.0,1376000000.0,918000000.0,,918000000.0,2294000000.0,4182000000.0,6476000000.0,6476000000.0,-854000000.0,-854000000.0,-212000000.0,229000000.0,17000000.0,,,,-853000000.0,854000000.0,-1000000.0,,,,,,,911000000.0,,,-30000000.0,,,,-212000000.0,229000000.0,17000000.0,,941000000.0,2000000.0,1000000.0,,,,,,,,,,,,,,
KHC,2023-12-31,-179340000.0,0.21,1670000000.0,102000000.0,239000000.0,4182000000.0,816000000.0,577000000.0,776660000.0,102000000.0,5100000000.0,522000000.0,1216000000.0,1212000000.0,0.08,0.08,102000000.0,102000000.0,102000000.0,100000000.0,100000000.0,248000000.0,348000000.0,-816000000.0,38000000.0,1376000000.0,918000000.0,,918000000.0,2294000000.0,4182000000.0,6476000000.0,6476000000.0,-854000000.0,-854000000.0,-212000000.0,229000000.0,17000000.0,,,,-853000000.0,0.0,-1000000.0,,,,,,1017000000.0,911000000.0,,,-30000000.0,,,,-212000000.0,229000000.0,17000000.0,,941000000.0,2000000.0,1000000.0,,,,,,,,,,,,,,
KO,2025-06-30,39131984.98749,0.207048,5331000000.0,3810000000.0,279000000.0,4439000000.0,5520000000.0,5241000000.0,3660131984.98749,3810000000.0,8216000000.0,4280000000.0,4315000000.0,4304000000.0,0.88,0.89,3810000000.0,3810000000.0,3810000000.0,3803000000.0,3803000000.0,993000000.0,4796000000.0,741000000.0,-9000000.0,4319000000.0,3502000000.0,,3470000000.0,7821000000.0,4714000000.0,12535000000.0,12535000000.0,189000000.0,189000000.0,-257000000.0,445000000.0,188000000.0,,,,-6000000.0,31000000.0,195000000.0,4000000.0,4000000.0,4000000.0,4000000.0,,1328000000.0,2142000000.0,,,,,,,-257000000.0,445000000.0,188000000.0,28000000.0,2142000000.0,7000000.0,,2000000.0,-95000000.0,561000000.0,,,,-28000000.0,,,,,40000000.0,,
KO,2025-03-31,41118000.0,0.178,4480000000.0,3330000000.0,267000000.0,3899000000.0,4711000000.0,4444000000.0,3140118000.0,3330000000.0,7411000000.0,3659000000.0,4313000000.0,4302000000.0,0.77,0.77,3330000000.0,3330000000.0,3330000000.0,3335000000.0,3335000000.0,722000000.0,4057000000.0,546000000.0,-36000000.0,3718000000.0,3248000000.0,,3234000000.0,6966000000.0,4163000000.0,11129000000.0,11129000000.0,231000000.0,231000000.0,-207000000.0,387000000.0,180000000.0,,,,211000000.0,31000000.0,20000000.0,3000000.0,3000000.0,3000000.0,3000000.0,,1089000000.0,2145000000.0,,,,,,,-207000000.0,387000000.0,180000000.0,11000000.0,2145000000.0,-5000000.0,331000000.0,3000000.0,92000000.0,351000000.0,,,,-28000000.0,,,,,25000000.0,,
KO,2024-12-31,-42477904.490378,0.211333,3714000000.0,2195000000.0,276000000.0,4613000000.0,3513000000.0,3237000000.0,2353522095.509622,2195000000.0,8679000000.0,2709000000.0,4317000000.0,4306000000.0,0.51,0.51,2195000000.0,2195000000.0,2195000000.0,2213000000.0,2213000000.0,593000000.0,2806000000.0,168000000.0,31000000.0,2865000000.0,4066000000.0,,1980000000.0,6931000000.0,4613000000.0,11544000000.0,11544000000.0,-201000000.0,-201000000.0,-227000000.0,431000000.0,204000000.0,,,,-177000000.0,39000000.0,-24000000.0,3000000.0,3000000.0,3000000.0,3000000.0,,1901000000.0,79000000.0,,,79000000.0,,,,-227000000.0,431000000.0,204000000.0,2097000000.0,2145000000.0,-18000000.0,-871000000.0,42000000.0,-775000000.0,338000000.0,,,,-28000000.0,,,,,0.0,,
KO,2024-09-30,-75046000.0,0.157,4551000000.0,2848000000.0,268000000.0,4400000000.0,4073000000.0,3805000000.0,3250954000.0,2848000000.0,8338000000.0,2510000000.0,4323000000.0,4311000000.0,0.66,0.66,2848000000.0,2848000000.0,2848000000.0,2850000000.0,2850000000.0,530000000.0,3380000000.0,26000000.0,-37000000.0,3516000000.0,3674000000.0,,2046000000.0,7190000000.0,4664000000.0,11854000000.0,11854000000.0,-478000000.0,-478000000.0,-162000000.0,425000000.0,263000000.0,,,,-648000000.0,87000000.0,170000000.0,4000000.0,4000000.0,4000000.0,4000000.0,,1979000000.0,67000000.0,,,67000000.0,,,,-162000000.0,425000000.0,263000000.0,1624000000.0,2145000000.0,-2000000.0,322000000.0,-36000000.0,919000000.0,541000000.0,,,,-28000000.0,,,,,0.0,,
KO,2024-06-30,-274571334.214003,0.207067,5041000000.0,2411000000.0,269000000.0,4546000000.0,3715000000.0,3446000000.0,3462428665.785997,2411000000.0,8392000000.0,2632000000.0,4319000000.0,4309000000.0,0.56,0.56,2411000000.0,2411000000.0,2411000000.0,2401000000.0,2401000000.0,627000000.0,3028000000.0,-800000000.0,-11000000.0,3971000000.0,3580000000.0,,3549000000.0,7551000000.0,4812000000.0,12363000000.0,12363000000.0,-1326000000.0,-1326000000.0,-143000000.0,418000000.0,275000000.0,,,,-1360000000.0,87000000.0,34000000.0,3000000.0,3000000.0,3000000.0,3000000.0,,1400000000.0,2149000000.0,,,72000000.0,,,,-143000000.0,418000000.0,275000000.0,28000000.0,2149000000.0,10000000.0,322000000.0,-11000000.0,1337000000.0,537000000.0,,,,-28000000.0,,,,,34000000.0,,
KO,2024-03-31,-274571334.214003,0.207067,5041000000.0,2411000000.0,269000000.0,4546000000.0,3715000000.0,3446000000.0,3462428665.785997,2411000000.0,8392000000.0,2632000000.0,4319000000.0,4309000000.0,0.56,0.56,2411000000.0,2411000000.0,2411000000.0,2401000000.0,2401000000.0,627000000.0,3028000000.0,-800000000.0,-11000000.0,3971000000.0,3580000000.0,,3549000000.0,7551000000.0,4812000000.0,12363000000.0,12363000000.0,-1326000000.0,-1326000000.0,-143000000.0,418000000.0,275000000.0,,,,-1360000000.0,760000000.0,34000000.0,4000000.0,4000000.0,4000000.0,4000000.0,,1400000000.0,2149000000.0,,,68000000.0,,,,-143000000.0,418000000.0,275000000.0,28000000.0,2190000000.0,10000000.0,516000000.0,-11000000.0,1337000000.0,537000000.0,,,,-28000000.0,,,,,760000000.0,,
KO,2023-12-31,-274571334.214003,0.207067,5041000000.0,2411000000.0,269000000.0,4546000000.0,3715000000.0,3446000000.0,3462428665.785997,2411000000.0,8392000000.0,2632000000.0,4319000000.0,4309000000.0,0.56,0.56,2411000000.0,2411000000.0,2411000000.0,2401000000.0,2401000000.0,627000000.0,3028000000.0,-800000000.0,-11000000.0,3971000000.0,3580000000.0,,3549000000.0,7551000000.0,4812000000.0,12363000000.0,12363000000.0,-1326000000.0,-1326000000.0,-143000000.0,418000000.0,275000000.0,,,,-1360000000.0,760000000.0,34000000.0,4000000.0,4000000.0,4000000.0,4000000.0,,1400000000.0,2149000000.0,,,77000000.0,,,,-143000000.0,418000000.0,275000000.0,28000000.0,2190000000.0,10000000.0,-345000000.0,-11000000.0,1337000000.0,537000000.0,,,,-28000000.0,,,,,760000000.0,,
KR,2025-04-30,-4047000.0,0.213,2556000000.0,866000000.0,1235000000.0,34367000000.0,2537000000.0,1302000000.0,880953000.0,866000000.0,43796000000.0,1322000000.0,664000000.0,660000000.0,1.29,1.3,866000000.0,866000000.0,866000000.0,868000000.0,868000000.0,235000000.0,1103000000.0,-20000000.0,-1000000.0,1322000000.0,9245000000.0,,271000000.0,10567000000.0,34551000000.0,45118000000.0,45118000000.0,-19000000.0,-19000000.0,-199000000.0,199000000.0,,271000000.0,,,,,-19000000.0,1051000000.0,1051000000.0,,,,,271000000.0,,271000000.0,,,,,-199000000.0,199000000.0,,7923000000.0,,-2000000.0,,,,,,,,,,,,,,,
KR,2025-01-31,-3187500.0,0.138587,1813000000.0,634000000.0,898000000.0,26250000000.0,1790000000.0,892000000.0,653812500.0,634000000.0,33396000000.0,912000000.0,664000000.0,660000000.0,1.29,1.3,614000000.0,614000000.0,634000000.0,634000000.0,634000000.0,102000000.0,736000000.0,-20000000.0,3000000.0,912000000.0,7008000000.0,,205000000.0,7920000000.0,26388000000.0,34308000000.0,34308000000.0,-23000000.0,-23000000.0,-156000000.0,156000000.0,,205000000.0,,,0.0,,-23000000.0,760000000.0,760000000.0,,,,,205000000.0,,205000000.0,,,,,-156000000.0,156000000.0,,6043000000.0,,0.0,0.0,,,,,,,,,,,,,,
KR,2024-10-31,13747000.0,0.233,1727000000.0,618000000.0,896000000.0,25809000000.0,1786000000.0,890000000.0,572747000.0,618000000.0,32806000000.0,828000000.0,728000000.0,723000000.0,0.84,0.85,618000000.0,618000000.0,618000000.0,617000000.0,617000000.0,187000000.0,804000000.0,62000000.0,3000000.0,828000000.0,6858000000.0,,203000000.0,7686000000.0,25948000000.0,33634000000.0,33634000000.0,59000000.0,59000000.0,-86000000.0,86000000.0,,203000000.0,,,79000000.0,,-20000000.0,757000000.0,757000000.0,,,,,203000000.0,,203000000.0,,,,,-86000000.0,86000000.0,,5898000000.0,,1000000.0,79000000.0,,,,,,,,,,,,,,
KR,2024-07-31,-29161000.0,0.241,1708000000.0,466000000.0,890000000.0,26122000000.0,1587000000.0,697000000.0,557839000.0,466000000.0,33097000000.0,815000000.0,727000000.0,723000000.0,0.64,0.64,466000000.0,466000000.0,466000000.0,465000000.0,465000000.0,148000000.0,613000000.0,-118000000.0,3000000.0,815000000.0,6836000000.0,,199000000.0,7651000000.0,26261000000.0,33912000000.0,33912000000.0,-121000000.0,-121000000.0,-84000000.0,84000000.0,,199000000.0,,,79000000.0,,-121000000.0,751000000.0,751000000.0,,,,,199000000.0,,199000000.0,,,,,-84000000.0,84000000.0,,5886000000.0,,1000000.0,79000000.0,,,,,,,,,,,,,,
KR,2024-05-31,3168000.0,0.198,2463000000.0,947000000.0,1165000000.0,34937000000.0,2479000000.0,1314000000.0,934168000.0,947000000.0,43975000000.0,1294000000.0,727000000.0,721000000.0,1.29,1.3,947000000.0,947000000.0,947000000.0,956000000.0,956000000.0,235000000.0,1191000000.0,20000000.0,4000000.0,1294000000.0,8851000000.0,,269000000.0,10145000000.0,35124000000.0,45269000000.0,45269000000.0,16000000.0,16000000.0,-123000000.0,123000000.0,,269000000.0,,,79000000.0,,16000000.0,978000000.0,978000000.0,,,,,269000000.0,,269000000.0,-4000000.0,,,,-123000000.0,123000000.0,,7604000000.0,,-9000000.0,79000000.0,,,,,,,,,,,,,,
KR,2024-04-30,3168000.0,0.198,2463000000.0,947000000.0,1165000000.0,34937000000.0,2479000000.0,1314000000.0,934168000.0,947000000.0,43975000000.0,1294000000.0,727000000.0,721000000.0,1.29,1.3,947000000.0,947000000.0,947000000.0,956000000.0,956000000.0,235000000.0,1191000000.0,20000000.0,4000000.0,1294000000.0,8851000000.0,,269000000.0,10145000000.0,35124000000.0,45269000000.0,45269000000.0,16000000.0,16000000.0,-123000000.0,123000000.0,,269000000.0,,,79000000.0,,16000000.0,978000000.0,978000000.0,,,,,269000000.0,,269000000.0,-4000000.0,,,,-123000000.0,123000000.0,,7604000000.0,,-9000000.0,79000000.0,,,,,,,,,,,,,,
KR,2024-01-31,3168000.0,0.198,2463000000.0,947000000.0,1165000000.0,34937000000.0,2479000000.0,1314000000.0,934168000.0,947000000.0,43975000000.0,1294000000.0,727000000.0,721000000.0,1.29,1.3,947000000.0,947000000.0,947000000.0,956000000.0,956000000.0,235000000.0,1191000000.0,20000000.0,4000000.0,1294000000.0,8851000000.0,,269000000.0,10145000000.0,35124000000.0,45269000000.0,45269000000.0,16000000.0,16000000.0,-123000000.0,123000000.0,,269000000.0,,,79000000.0,,16000000.0,978000000.0,978000000.0,,,,,269000000.0,,269000000.0,-6000000.0,,,,-123000000.0,123000000.0,,7604000000.0,6278000000.0,-9000000.0,79000000.0,,,,,,,,,,,,,,
LILA,2025-06-30,-156709267.694464,0.272775,386600000.0,-423300000.0,217500000.0,348500000.0,-187900000.0,-405400000.0,-5509267.694464,-423300000.0,902900000.0,-333000000.0,199900000.0,199900000.0,-2.12,-2.12,-423300000.0,-423300000.0,-423300000.0,-415100000.0,-415100000.0,-155700000.0,-570800000.0,-589200000.0,-14700000.0,183800000.0,554400000.0,,198200000.0,738200000.0,348500000.0,1086700000.0,1086700000.0,-574500000.0,-574500000.0,-165400000.0,165400000.0,,,,,-516800000.0,499300000.0,-57700000.0,217500000.0,217500000.0,,,,44700000.0,153500000.0,,,153500000.0,,,,-165400000.0,165400000.0,,138700000.0,,-8200000.0,,,17500000.0,,,,,,,,,,,,
LILA,2025-03-31,-36880000.0,0.4,361700000.0,-136400000.0,228800000.0,347300000.0,269500000.0,40700000.0,-81080000.0,-136400000.0,944700000.0,128100000.0,197500000.0,197500000.0,-0.69,-0.69,-136400000.0,-136400000.0,-136400000.0,-126700000.0,-126700000.0,9100000.0,-117600000.0,-98100000.0,-5900000.0,138800000.0,597400000.0,,226800000.0,736200000.0,347300000.0,1083500000.0,1083500000.0,-92200000.0,-92200000.0,-158300000.0,158300000.0,,,,,-25100000.0,1500000.0,-67100000.0,228800000.0,228800000.0,,,,45600000.0,181200000.0,,,181200000.0,,,,-158300000.0,158300000.0,,141800000.0,,-9700000.0,,14400000.0,9200000.0,,,,,,,,,,,,
LILA,2024-12-31,8160000.0,0.4,386000000.0,-178000000.0,238400000.0,389200000.0,406400000.0,168000000.0,-190240000.0,-178000000.0,992700000.0,127700000.0,197500000.0,197500000.0,-0.69,-0.69,-178000000.0,-178000000.0,-178000000.0,-160800000.0,-160800000.0,172400000.0,11600000.0,10400000.0,-10000000.0,157600000.0,603500000.0,,206400000.0,761100000.0,389200000.0,1150300000.0,1116700000.0,20400000.0,20400000.0,-156400000.0,156400000.0,,,,,-35100000.0,18400000.0,55500000.0,238400000.0,238400000.0,,,,43600000.0,162800000.0,,,162800000.0,,,,-156400000.0,156400000.0,,158700000.0,,-17200000.0,,5200000.0,11500000.0,,,,,,,,,,,,
LILA,2024-09-30,-142337800.0,0.253,392400000.0,-435800000.0,245400000.0,354400000.0,-170200000.0,-415600000.0,-15537800.0,-435800000.0,945100000.0,-379600000.0,196400000.0,196400000.0,-2.22,-2.22,-435800000.0,-435800000.0,-435800000.0,-429100000.0,-429100000.0,-145700000.0,-574800000.0,-559700000.0,2900000.0,144100000.0,590700000.0,,203500000.0,734800000.0,354400000.0,1089200000.0,1089200000.0,-562600000.0,-562600000.0,-159200000.0,159200000.0,,,,,-523700000.0,511500000.0,-38900000.0,245400000.0,245400000.0,,,,46100000.0,157400000.0,,,157400000.0,,,,-159200000.0,159200000.0,,141800000.0,,-6700000.0,,5200000.0,12200000.0,,,,,,,,,,,,
LILA,2024-06-30,-16160000.0,0.4,360500000.0,-42700000.0,236700000.0,373900000.0,320100000.0,83400000.0,-18460000.0,-42700000.0,989300000.0,110800000.0,197000000.0,197000000.0,-0.22,-0.22,-42700000.0,-42700000.0,-42700000.0,-36900000.0,-36900000.0,-35900000.0,-72800000.0,-45300000.0,-4900000.0,128700000.0,615400000.0,,212200000.0,744100000.0,373900000.0,1118000000.0,1118000000.0,-40400000.0,-40400000.0,-156200000.0,156200000.0,,,,,-17900000.0,6600000.0,-22500000.0,236700000.0,236700000.0,,,,52900000.0,159300000.0,,,159300000.0,,,,-156200000.0,156200000.0,,166500000.0,,-5800000.0,,5200000.0,11300000.0,,,0.0,,,,,,,,,
LILA,2024-03-31,-16160000.0,0.4,360500000.0,-42700000.0,236700000.0,373900000.0,320100000.0,83400000.0,-18460000.0,-42700000.0,989300000.0,110800000.0,203600000.0,203600000.0,0.0,0.0,-42700000.0,-42700000.0,-42700000.0,-36900000.0,-36900000.0,-35900000.0,-72800000.0,-45300000.0,-4900000.0,128700000.0,615400000.0,,212200000.0,744100000.0,373900000.0,1118000000.0,1118000000.0,-40400000.0,-40400000.0,-156200000.0,156200000.0,,,,,-17900000.0,6600000.0,-22500000.0,236700000.0,236700000.0,,,,52900000.0,159300000.0,,,159300000.0,,,,-156200000.0,156200000.0,,166500000.0,,-5800000.0,,300000.0,11300000.0,,,0.0,,,,,,,,,
LILA,2023-12-31,-16160000.0,0.4,360500000.0,-42700000.0,236700000.0,373900000.0,320100000.0,83400000.0,-18460000.0,-42700000.0,989300000.0,110800000.0,203600000.0,203600000.0,0.0,0.0,-42700000.0,-42700000.0,-42700000.0,-36900000.0,-36900000.0,-35900000.0,-72800000.0,-45300000.0,-4900000.0,128700000.0,615400000.0,,212200000.0,744100000.0,373900000.0,1118000000.0,1118000000.0,-40400000.0,-40400000.0,-156200000.0,156200000.0,,,,,-17900000.0,6600000.0,-22500000.0,236700000.0,236700000.0,,,,52900000.0,159300000.0,,,159300000.0,,,,-156200000.0,156200000.0,,166500000.0,,-5800000.0,,0.0,11300000.0,,,0.0,,,,,,,,,
LILAK,2025-06-30,-156709267.694464,0.272775,386600000.0,-423300000.0,217500000.0,348500000.0,-187900000.0,-405400000.0,-5509267.694464,-423300000.0,902900000.0,-333000000.0,199900000.0,199900000.0,-2.12,-2.12,-423300000.0,-423300000.0,-423300000.0,-415100000.0,-415100000.0,-155700000.0,-570800000.0,-589200000.0,-14700000.0,183800000.0,554400000.0,,198200000.0,738200000.0,348500000.0,1086700000.0,1086700000.0,-574500000.0,-574500000.0,-165400000.0,165400000.0,,,,,-516800000.0,499300000.0,-57700000.0,217500000.0,217500000.0,,,,44700000.0,153500000.0,,,153500000.0,,,,-165400000.0,165400000.0,,138700000.0,,-8200000.0,,,17500000.0,,,,,,,,,,,,
LILAK,2025-03-31,-36880000.0,0.4,361700000.0,-136400000.0,228800000.0,347300000.0,269500000.0,40700000.0,-81080000.0,-136400000.0,944700000.0,128100000.0,197500000.0,197500000.0,-0.69,-0.69,-136400000.0,-136400000.0,-136400000.0,-126700000.0,-126700000.0,9100000.0,-117600000.0,-98100000.0,-5900000.0,138800000.0,597400000.0,,226800000.0,736200000.0,347300000.0,1083500000.0,1083500000.0,-92200000.0,-92200000.0,-158300000.0,158300000.0,,,,,-25100000.0,1500000.0,-67100000.0,228800000.0,228800000.0,,,,45600000.0,181200000.0,,,181200000.0,,,,-158300000.0,158300000.0,,141800000.0,,-9700000.0,,14400000.0,9200000.0,,,,,,,,,,,,
LILAK,2024-12-31,8160000.0,0.4,386000000.0,-178000000.0,238400000.0,389200000.0,406400000.0,168000000.0,-190240000.0,-178000000.0,992700000.0,127700000.0,197500000.0,197500000.0,-0.69,-0.69,-178000000.0,-178000000.0,-178000000.0,-160800000.0,-160800000.0,172400000.0,11600000.0,10400000.0,-10000000.0,157600000.0,603500000.0,,206400000.0,761100000.0,389200000.0,1150300000.0,1116700000.0,20400000.0,20400000.0,-156400000.0,156400000.0,,,,,-35100000.0,18400000.0,55500000.0,238400000.0,238400000.0,,,,43600000.0,162800000.0,,,162800000.0,,,,-156400000.0,156400000.0,,158700000.0,,-17200000.0,,5200000.0,11500000.0,,,,,,,,,,,,
LILAK,2024-09-30,-142337800.0,0.253,392400000.0,-435800000.0,245400000.0,354400000.0,-170200000.0,-415600000.0,-15537800.0,-435800000.0,945100000.0,-379600000.0,196400000.0,196400000.0,-2.22,-2.22,-435800000.0,-435800000.0,-435800000.0,-429100000.0,-429100000.0,-145700000.0,-574800000.0,-559700000.0,2900000.0,144100000.0,590700000.0,,203500000.0,734800000.0,354400000.0,1089200000.0,1089200000.0,-562600000.0,-562600000.0,-159200000.0,159200000.0,,,,,-523700000.0,511500000.0,-38900000.0,245400000.0,245400000.0,,,,46100000.0,157400000.0,,,157400000.0,,,,-159200000.0,159200000.0,,141800000.0,,-6700000.0,,5200000.0,12200000.0,,,,,,,,,,,,
LILAK,2024-06-30,-16160000.0,0.4,360500000.0,-42700000.0,236700000.0,373900000.0,320100000.0,83400000.0,-18460000.0,-42700000.0,989300000.0,110800000.0,197000000.0,197000000.0,-0.22,-0.22,-42700000.0,-42700000.0,-42700000.0,-36900000.0,-36900000.0,-35900000.0,-72800000.0,-45300000.0,-4900000.0,128700000.0,615400000.0,,212200000.0,744100000.0,373900000.0,1118000000.0,1118000000.0,-40400000.0,-40400000.0,-156200000.0,156200000.0,,,,,-17900000.0,6600000.0,-22500000.0,236700000.0,236700000.0,,,,52900000.0,159300000.0,,,159300000.0,,,,-156200000.0,156200000.0,,166500000.0,,-5800000.0,,5200000.0,11300000.0,,,0.0,,,,,,,,,
LILAK,2024-03-31,-16160000.0,0.4,360500000.0,-42700000.0,236700000.0,373900000.0,320100000.0,83400000.0,-18460000.0,-42700000.0,989300000.0,110800000.0,203600000.0,203600000.0,0.0,0.0,-42700000.0,-42700000.0,-42700000.0,-36900000.0,-36900000.0,-35900000.0,-72800000.0,-45300000.0,-4900000.0,128700000.0,615400000.0,,212200000.0,744100000.0,373900000.0,1118000000.0,1118000000.0,-40400000.0,-40400000.0,-156200000.0,156200000.0,,,,,-17900000.0,6600000.0,-22500000.0,236700000.0,236700000.0,,,,52900000.0,159300000.0,,,159300000.0,,,,-156200000.0,156200000.0,,166500000.0,,-5800000.0,,300000.0,11300000.0,,,0.0,,,,,,,,,
LILAK,2023-12-31,-16160000.0,0.4,360500000.0,-42700000.0,236700000.0,373900000.0,320100000.0,83400000.0,-18460000.0,-42700000.0,989300000.0,110800000.0,203600000.0,203600000.0,0.0,0.0,-42700000.0,-42700000.0,-42700000.0,-36900000.0,-36900000.0,-35900000.0,-72800000.0,-45300000.0,-4900000.0,128700000.0,615400000.0,,212200000.0,744100000.0,373900000.0,1118000000.0,1118000000.0,-40400000.0,-40400000.0,-156200000.0,156200000.0,,,,,-17900000.0,6600000.0,-22500000.0,236700000.0,236700000.0,,,,52900000.0,159300000.0,,,159300000.0,,,,-156200000.0,156200000.0,,166500000.0,,-5800000.0,,0.0,11300000.0,,,0.0,,,,,,,,,
LLYVA,2025-06-30,-62383259.911894,0.215859,70000000.0,-178000000.0,-86000000.0,86000000.0,-219000000.0,-219000000.0,48616740.088106,-178000000.0,7000000.0,-7000000.0,91845284.0,91845284.0,-1.938042,-1.938042,-178000000.0,-178000000.0,-178000000.0,-178000000.0,-178000000.0,-49000000.0,-227000000.0,-212000000.0,4000000.0,-7000000.0,7000000.0,,7000000.0,0.0,0.0,0.0,0.0,-289000000.0,-289000000.0,-8000000.0,8000000.0,,,,,0.0,,-289000000.0,0.0,0.0,,,,,,,,,,,,-8000000.0,8000000.0,,,,0.0,,,0.0,73000000.0,,,,,,,,,,,
LLYVA,2025-03-31,-3863636.363636,0.227273,88000000.0,-17000000.0,86000000.0,0.0,71000000.0,-15000000.0,-3863636.363636,-17000000.0,4000000.0,-4000000.0,91842927.0,91842927.0,-0.185099,-0.185099,-17000000.0,-17000000.0,-17000000.0,-17000000.0,-17000000.0,-5000000.0,-22000000.0,-11000000.0,2000000.0,-4000000.0,4000000.0,,4000000.0,0.0,0.0,0.0,0.0,-17000000.0,-17000000.0,-7000000.0,7000000.0,,,,,0.0,,-17000000.0,0.0,0.0,,,,,,,,,,,,-7000000.0,7000000.0,,,,0.0,,,0.0,4000000.0,,,,,,,,,,,
LLYVA,2024-12-31,-39507246.376812,0.210145,57000000.0,-107000000.0,0.0,0.0,-131000000.0,-131000000.0,41492753.623188,-107000000.0,4000000.0,-4000000.0,91842927.0,91842927.0,-0.185099,-0.185099,-107000000.0,-107000000.0,-107000000.0,-109000000.0,-109000000.0,-29000000.0,-138000000.0,-127000000.0,4000000.0,-4000000.0,4000000.0,,4000000.0,0.0,0.0,0.0,0.0,-188000000.0,-188000000.0,-7000000.0,7000000.0,,,,0.0,0.0,,-188000000.0,0.0,0.0,,,,,,,,,,,,-7000000.0,7000000.0,,,,2000000.0,,,0.0,57000000.0,,,,,,,,,0.0,,
LLYVA,2024-09-30,-23500000.0,0.25,122000000.0,15000000.0,0.0,0.0,28000000.0,28000000.0,85500000.0,15000000.0,3000000.0,-3000000.0,91735951.0,91735951.0,0.163513,0.163513,15000000.0,15000000.0,15000000.0,15000000.0,15000000.0,5000000.0,20000000.0,31000000.0,8000000.0,-3000000.0,3000000.0,,3000000.0,0.0,0.0,0.0,0.0,-94000000.0,-94000000.0,-8000000.0,8000000.0,,,,0.0,0.0,,-94000000.0,0.0,0.0,,,,,,,,,,,,-8000000.0,8000000.0,,,,0.0,,,0.0,117000000.0,,,,,,,,,0.0,,
LLYVA,2024-06-30,18635294.117647,0.211765,89000000.0,134000000.0,0.0,0.0,177000000.0,177000000.0,64635294.117647,134000000.0,2000000.0,-2000000.0,91723910.0,91723910.0,1.460906,1.460906,134000000.0,134000000.0,134000000.0,134000000.0,134000000.0,36000000.0,170000000.0,179000000.0,6000000.0,-2000000.0,2000000.0,,2000000.0,0.0,0.0,0.0,0.0,88000000.0,88000000.0,-7000000.0,7000000.0,,,,0.0,0.0,,88000000.0,0.0,0.0,,,,,,,,,,,,-7000000.0,7000000.0,,,,0.0,,,0.0,85000000.0,,,,,,,,,0.0,,
LLYVA,2024-03-31,18635294.117647,0.211765,89000000.0,134000000.0,0.0,0.0,177000000.0,177000000.0,64635294.117647,134000000.0,2000000.0,-2000000.0,91706975.0,91706975.0,-0.796014,-0.796014,134000000.0,134000000.0,134000000.0,134000000.0,134000000.0,36000000.0,170000000.0,179000000.0,6000000.0,-2000000.0,2000000.0,,2000000.0,0.0,0.0,0.0,0.0,88000000.0,88000000.0,-7000000.0,7000000.0,,,,0.0,0.0,,88000000.0,0.0,0.0,,,,,,,,,,,,-7000000.0,7000000.0,,,,0.0,,,0.0,85000000.0,,,,,,,,,0.0,,
LLYVA,2023-12-31,18635294.117647,0.211765,89000000.0,134000000.0,0.0,0.0,177000000.0,177000000.0,64635294.117647,134000000.0,2000000.0,-2000000.0,91706975.0,91706975.0,-0.796014,-0.796014,134000000.0,134000000.0,134000000.0,134000000.0,134000000.0,36000000.0,170000000.0,179000000.0,6000000.0,-2000000.0,2000000.0,,2000000.0,0.0,0.0,0.0,0.0,88000000.0,88000000.0,-7000000.0,7000000.0,,,,0.0,0.0,,88000000.0,0.0,0.0,,,,,,,,,,,,-7000000.0,7000000.0,,,,0.0,,,0.0,85000000.0,,,,,,,,,0.0,,
LLYVK,2025-06-30,-62383259.911894,0.215859,70000000.0,-178000000.0,-86000000.0,86000000.0,-219000000.0,-219000000.0,48616740.088106,-178000000.0,7000000.0,-7000000.0,91845284.0,91845284.0,-1.938042,-1.938042,-178000000.0,-178000000.0,-178000000.0,-178000000.0,-178000000.0,-49000000.0,-227000000.0,-212000000.0,4000000.0,-7000000.0,7000000.0,,7000000.0,0.0,0.0,0.0,0.0,-289000000.0,-289000000.0,-8000000.0,8000000.0,,,,,0.0,,-289000000.0,0.0,0.0,,,,,,,,,,,,-8000000.0,8000000.0,,,,0.0,,,0.0,73000000.0,,,,,,,,,,,
LLYVK,2025-03-31,-3863636.363636,0.227273,88000000.0,-17000000.0,86000000.0,0.0,71000000.0,-15000000.0,-3863636.363636,-17000000.0,4000000.0,-4000000.0,91842927.0,91842927.0,-0.185099,-0.185099,-17000000.0,-17000000.0,-17000000.0,-17000000.0,-17000000.0,-5000000.0,-22000000.0,-11000000.0,2000000.0,-4000000.0,4000000.0,,4000000.0,0.0,0.0,0.0,0.0,-17000000.0,-17000000.0,-7000000.0,7000000.0,,,,,0.0,,-17000000.0,0.0,0.0,,,,,,,,,,,,-7000000.0,7000000.0,,,,0.0,,,0.0,4000000.0,,,,,,,,,,,
LLYVK,2024-12-31,-39507246.376812,0.210145,57000000.0,-107000000.0,0.0,0.0,-131000000.0,-131000000.0,41492753.623188,-107000000.0,4000000.0,-4000000.0,91842927.0,91842927.0,-0.185099,-0.185099,-107000000.0,-107000000.0,-107000000.0,-109000000.0,-109000000.0,-29000000.0,-138000000.0,-127000000.0,4000000.0,-4000000.0,4000000.0,,4000000.0,0.0,0.0,0.0,0.0,-188000000.0,-188000000.0,-7000000.0,7000000.0,,,,0.0,0.0,,-188000000.0,0.0,0.0,,,,,,,,,,,,-7000000.0,7000000.0,,,,2000000.0,,,0.0,57000000.0,,,,,,,,,0.0,,
LLYVK,2024-09-30,-23500000.0,0.25,122000000.0,15000000.0,0.0,0.0,28000000.0,28000000.0,85500000.0,15000000.0,3000000.0,-3000000.0,91735951.0,91735951.0,0.163513,0.163513,15000000.0,15000000.0,15000000.0,15000000.0,15000000.0,5000000.0,20000000.0,31000000.0,8000000.0,-3000000.0,3000000.0,,3000000.0,0.0,0.0,0.0,0.0,-94000000.0,-94000000.0,-8000000.0,8000000.0,,,,0.0,0.0,,-94000000.0,0.0,0.0,,,,,,,,,,,,-8000000.0,8000000.0,,,,0.0,,,0.0,117000000.0,,,,,,,,,0.0,,
LLYVK,2024-06-30,18635294.117647,0.211765,89000000.0,134000000.0,0.0,0.0,177000000.0,177000000.0,64635294.117647,134000000.0,2000000.0,-2000000.0,91723910.0,91723910.0,1.460906,1.460906,134000000.0,134000000.0,134000000.0,134000000.0,134000000.0,36000000.0,170000000.0,179000000.0,6000000.0,-2000000.0,2000000.0,,2000000.0,0.0,0.0,0.0,0.0,88000000.0,88000000.0,-7000000.0,7000000.0,,,,0.0,0.0,,88000000.0,0.0,0.0,,,,,,,,,,,,-7000000.0,7000000.0,,,,0.0,,,0.0,85000000.0,,,,,,,,,0.0,,
LLYVK,2024-03-31,18635294.117647,0.211765,89000000.0,134000000.0,0.0,0.0,177000000.0,177000000.0,64635294.117647,134000000.0,2000000.0,-2000000.0,91706975.0,91706975.0,-0.796014,-0.796014,134000000.0,134000000.0,134000000.0,134000000.0,134000000.0,36000000.0,170000000.0,179000000.0,6000000.0,-2000000.0,2000000.0,,2000000.0,0.0,0.0,0.0,0.0,88000000.0,88000000.0,-7000000.0,7000000.0,,,,0.0,0.0,,88000000.0,0.0,0.0,,,,,,,,,,,,-7000000.0,7000000.0,,,,0.0,,,0.0,85000000.0,,,,,,,,,0.0,,
LLYVK,2023-12-31,18635294.117647,0.211765,89000000.0,134000000.0,0.0,0.0,177000000.0,177000000.0,64635294.117647,134000000.0,2000000.0,-2000000.0,91706975.0,91706975.0,-0.796014,-0.796014,134000000.0,134000000.0,134000000.0,134000000.0,134000000.0,36000000.0,170000000.0,179000000.0,6000000.0,-2000000.0,2000000.0,,2000000.0,0.0,0.0,0.0,0.0,88000000.0,88000000.0,-7000000.0,7000000.0,,,,0.0,0.0,,88000000.0,0.0,0.0,,,,,,,,,,,,-7000000.0,7000000.0,,,,0.0,,,0.0,85000000.0,,,,,,,,,0.0,,
LPX,2025-06-30,-5986301.369863,0.260274,135000000.0,54000000.0,35000000.0,577000000.0,112000000.0,77000000.0,71013698.630137,54000000.0,654000000.0,80000000.0,70000000.0,70000000.0,0.77,0.77,54000000.0,54000000.0,54000000.0,54000000.0,54000000.0,19000000.0,73000000.0,-23000000.0,,101000000.0,77000000.0,,79000000.0,178000000.0,577000000.0,755000000.0,755000000.0,-23000000.0,-23000000.0,-4000000.0,4000000.0,,,,,-20000000.0,17000000.0,-3000000.0,,,,,,,,,,,,,0.0,-4000000.0,4000000.0,,-2000000.0,,,,,3000000.0,,,,,0.0,,,,,,,
LPX,2025-03-31,-660000.0,0.22,157000000.0,91000000.0,35000000.0,526000000.0,154000000.0,119000000.0,93340000.0,91000000.0,601000000.0,120000000.0,70000000.0,70000000.0,1.3,1.3,91000000.0,91000000.0,91000000.0,91000000.0,91000000.0,26000000.0,116000000.0,-3000000.0,,122000000.0,75000000.0,,75000000.0,197000000.0,526000000.0,724000000.0,724000000.0,-3000000.0,-3000000.0,-3000000.0,3000000.0,,,,,-2000000.0,17000000.0,-1000000.0,,,,,,,75000000.0,,,,,,0.0,-3000000.0,3000000.0,,-2000000.0,75000000.0,,,,1000000.0,,,,,-1000000.0,,,,,,,
LPX,2024-12-31,-4870588.235294,0.270588,137000000.0,62000000.0,33000000.0,519000000.0,119000000.0,86000000.0,75129411.764706,62000000.0,598000000.0,75000000.0,70000000.0,70000000.0,0.89,0.89,62000000.0,62000000.0,62000000.0,62000000.0,62000000.0,23000000.0,85000000.0,-18000000.0,,84000000.0,79000000.0,,76000000.0,163000000.0,519000000.0,680000000.0,680000000.0,-18000000.0,-18000000.0,20000000.0,1000000.0,,,,,-8000000.0,5000000.0,-10000000.0,,,,,,,75000000.0,,,,,,1000000.0,20000000.0,1000000.0,,-2000000.0,75000000.0,0.0,,0.0,1000000.0,,,,,-2000000.0,,,,,,,
LPX,2024-09-30,200000.0,0.2,147000000.0,90000000.0,31000000.0,530000000.0,148000000.0,117000000.0,89200000.0,90000000.0,605000000.0,116000000.0,71000000.0,70000000.0,1.28,1.28,90000000.0,90000000.0,90000000.0,90000000.0,90000000.0,23000000.0,113000000.0,1000000.0,,118000000.0,75000000.0,,75000000.0,193000000.0,530000000.0,722000000.0,722000000.0,1000000.0,1000000.0,-4000000.0,4000000.0,,,,,-1000000.0,0.0,2000000.0,,,,,,,75000000.0,,,,,,0.0,-4000000.0,4000000.0,,-2000000.0,75000000.0,0.0,,0.0,1000000.0,,,,,0.0,,,,,,,
LPX,2024-06-30,2636815.920398,0.263682,226000000.0,160000000.0,31000000.0,551000000.0,236000000.0,205000000.0,152636815.920398,160000000.0,619000000.0,194000000.0,72000000.0,72000000.0,2.23,2.23,160000000.0,160000000.0,160000000.0,160000000.0,160000000.0,53000000.0,201000000.0,10000000.0,,195000000.0,68000000.0,,71000000.0,263000000.0,551000000.0,814000000.0,814000000.0,10000000.0,10000000.0,-4000000.0,4000000.0,,,,,-1000000.0,0.0,11000000.0,,,,,,,71000000.0,,,0.0,,,12000000.0,-4000000.0,4000000.0,,-3000000.0,71000000.0,0.0,,0.0,1000000.0,,,,,0.0,,,,,,,
LPX,2024-03-31,2636815.920398,0.263682,226000000.0,160000000.0,31000000.0,551000000.0,236000000.0,205000000.0,152636815.920398,160000000.0,619000000.0,194000000.0,72000000.0,72000000.0,2.23,2.23,160000000.0,160000000.0,160000000.0,160000000.0,160000000.0,53000000.0,201000000.0,10000000.0,,195000000.0,68000000.0,,71000000.0,263000000.0,551000000.0,814000000.0,814000000.0,10000000.0,10000000.0,-4000000.0,4000000.0,,,,,-1000000.0,0.0,11000000.0,,,,,,,69000000.0,,,0.0,,,12000000.0,-4000000.0,4000000.0,,-3000000.0,69000000.0,0.0,,-3000000.0,1000000.0,,,,,0.0,,,,,,,
LPX,2023-12-31,2636815.920398,0.263682,226000000.0,160000000.0,31000000.0,551000000.0,236000000.0,205000000.0,152636815.920398,160000000.0,619000000.0,194000000.0,72000000.0,72000000.0,2.23,2.23,160000000.0,160000000.0,160000000.0,160000000.0,160000000.0,53000000.0,201000000.0,10000000.0,1000000.0,195000000.0,68000000.0,,71000000.0,263000000.0,551000000.0,814000000.0,814000000.0,10000000.0,10000000.0,-4000000.0,4000000.0,,,,0.0,-1000000.0,5000000.0,11000000.0,,,,,,,66000000.0,,,0.0,,,12000000.0,-4000000.0,4000000.0,,0.0,66000000.0,0.0,,0.0,1000000.0,,,,,0.0,,,,,,,
MA,2025-06-30,-13093535.958904,0.207834,5211000000.0,3701000000.0,281000000.0,1852000000.0,5148000000.0,4867000000.0,3750906464.041096,3701000000.0,3219000000.0,4777000000.0,,,,,3701000000.0,3701000000.0,3701000000.0,3701000000.0,3701000000.0,971000000.0,4672000000.0,-47000000.0,16000000.0,4914000000.0,1367000000.0,,1086000000.0,6281000000.0,1852000000.0,8133000000.0,8133000000.0,-63000000.0,-63000000.0,-195000000.0,195000000.0,,,,,-96000000.0,,33000000.0,281000000.0,281000000.0,,,,213000000.0,873000000.0,,,,,,,-195000000.0,195000000.0,,,873000000.0,,,96000000.0,,,,,,,,,,,,,
MA,2025-03-31,-17298000.0,0.186,4581000000.0,3280000000.0,275000000.0,1688000000.0,4488000000.0,4213000000.0,3355702000.0,3280000000.0,2949000000.0,4149000000.0,914000000.0,912000000.0,3.59,3.6,3280000000.0,3280000000.0,3280000000.0,3280000000.0,3280000000.0,751000000.0,4031000000.0,-88000000.0,5000000.0,4301000000.0,1261000000.0,,986000000.0,5562000000.0,1688000000.0,7250000000.0,7250000000.0,-93000000.0,-93000000.0,-182000000.0,182000000.0,,,,,-151000000.0,,58000000.0,275000000.0,275000000.0,,,,152000000.0,834000000.0,,,,,,,-182000000.0,182000000.0,,,834000000.0,,,151000000.0,,,,,,,,,,,,,
MA,2024-12-31,-22575173.477255,0.141095,4466000000.0,3342000000.0,231000000.0,1653000000.0,4306000000.0,4075000000.0,3479424826.522745,3342000000.0,3255000000.0,3938000000.0,919000000.0,917000000.0,3.64,3.64,3342000000.0,3342000000.0,3342000000.0,3342000000.0,3342000000.0,549000000.0,3891000000.0,-159000000.0,1000000.0,4234000000.0,1602000000.0,,1371000000.0,5836000000.0,1653000000.0,7489000000.0,7489000000.0,-160000000.0,-160000000.0,-184000000.0,184000000.0,,,,,-280000000.0,,120000000.0,231000000.0,231000000.0,,,,295000000.0,1076000000.0,,,,,,,-184000000.0,184000000.0,,,1076000000.0,,,280000000.0,,,,,,,,,,,,,
MA,2024-09-30,-27768000.0,0.156,4428000000.0,3263000000.0,225000000.0,1899000000.0,4250000000.0,4025000000.0,3413232000.0,3263000000.0,3173000000.0,4004000000.0,925000000.0,923000000.0,3.53,3.54,3263000000.0,3263000000.0,3263000000.0,3263000000.0,3263000000.0,603000000.0,3866000000.0,-171000000.0,7000000.0,4196000000.0,1274000000.0,,1049000000.0,5470000000.0,1899000000.0,7369000000.0,7369000000.0,-178000000.0,-178000000.0,-159000000.0,159000000.0,,,,,-176000000.0,,-2000000.0,225000000.0,225000000.0,,,,220000000.0,829000000.0,,,,,,,-159000000.0,159000000.0,,,829000000.0,,,176000000.0,,,,,,,,,,,,,
MA,2024-06-30,-9688000.0,0.173,4373000000.0,3258000000.0,225000000.0,1607000000.0,4317000000.0,4092000000.0,3304312000.0,3258000000.0,2822000000.0,4036000000.0,930000000.0,929000000.0,3.5,3.51,3258000000.0,3258000000.0,3258000000.0,3258000000.0,3258000000.0,681000000.0,3939000000.0,-47000000.0,9000000.0,4139000000.0,1215000000.0,,990000000.0,5354000000.0,1607000000.0,6961000000.0,6961000000.0,-56000000.0,-56000000.0,-153000000.0,153000000.0,,,,,-98000000.0,,42000000.0,225000000.0,225000000.0,,,,184000000.0,806000000.0,,,,,,,-153000000.0,153000000.0,,,806000000.0,,,98000000.0,,,,,,,,,,,,,
MA,2024-03-31,-9688000.0,0.173,4373000000.0,3258000000.0,225000000.0,1607000000.0,4317000000.0,4092000000.0,3304312000.0,3258000000.0,2822000000.0,4036000000.0,935000000.0,933000000.0,3.22,3.23,3258000000.0,3258000000.0,3258000000.0,3258000000.0,3258000000.0,681000000.0,3939000000.0,-47000000.0,9000000.0,4139000000.0,1215000000.0,,990000000.0,5354000000.0,1607000000.0,6961000000.0,6961000000.0,-56000000.0,-56000000.0,-153000000.0,153000000.0,,,,,-98000000.0,,42000000.0,225000000.0,225000000.0,,,,184000000.0,806000000.0,,,,,,,-153000000.0,153000000.0,,,806000000.0,,,98000000.0,,,,,,,,,,,,,
MCO,2025-06-30,-6000000.0,0.25,990000000.0,578000000.0,120000000.0,489000000.0,966000000.0,846000000.0,596000000.0,578000000.0,1052000000.0,818000000.0,180200000.0,179700000.0,3.21,3.22,578000000.0,578000000.0,578000000.0,579000000.0,579000000.0,193000000.0,772000000.0,-13000000.0,8000000.0,846000000.0,563000000.0,,443000000.0,1409000000.0,489000000.0,1898000000.0,1898000000.0,-24000000.0,-24000000.0,-61000000.0,74000000.0,13000000.0,,,,-28000000.0,,4000000.0,120000000.0,120000000.0,,,,,,,,,,,,-61000000.0,74000000.0,13000000.0,,,-1000000.0,,,28000000.0,3000000.0,,,,,,,,,,,
MCO,2025-03-31,-8251000.0,0.223,1039000000.0,625000000.0,113000000.0,491000000.0,1002000000.0,889000000.0,653749000.0,625000000.0,1043000000.0,846000000.0,180700000.0,180000000.0,3.46,3.47,625000000.0,625000000.0,625000000.0,625000000.0,625000000.0,179000000.0,804000000.0,-16000000.0,10000000.0,881000000.0,552000000.0,,439000000.0,1433000000.0,491000000.0,1924000000.0,1924000000.0,-37000000.0,-37000000.0,-61000000.0,85000000.0,24000000.0,,,,-35000000.0,,-2000000.0,113000000.0,113000000.0,,,,,,,,,,,,-61000000.0,85000000.0,24000000.0,491000000.0,,-1000000.0,,,35000000.0,11000000.0,,,,,,,,,,,
MCO,2024-12-31,-12628571.428571,0.247619,770000000.0,395000000.0,113000000.0,497000000.0,719000000.0,606000000.0,433371428.571429,395000000.0,1052000000.0,561000000.0,181700000.0,180800000.0,2.17,2.18,395000000.0,395000000.0,395000000.0,395000000.0,395000000.0,130000000.0,525000000.0,-43000000.0,3000000.0,620000000.0,555000000.0,,442000000.0,1175000000.0,497000000.0,1672000000.0,1672000000.0,-51000000.0,-51000000.0,-52000000.0,81000000.0,29000000.0,,,,-59000000.0,,8000000.0,113000000.0,113000000.0,,,,,,,,,,,,-52000000.0,81000000.0,29000000.0,491000000.0,,0.0,,,59000000.0,5000000.0,,,,,,,,,,,
MCO,2024-09-30,-4080000.0,0.24,916000000.0,534000000.0,108000000.0,512000000.0,899000000.0,791000000.0,546920000.0,534000000.0,1054000000.0,738000000.0,182500000.0,181700000.0,2.93,2.94,534000000.0,534000000.0,534000000.0,534000000.0,534000000.0,169000000.0,703000000.0,4000000.0,6000000.0,759000000.0,542000000.0,,434000000.0,1301000000.0,512000000.0,1813000000.0,1813000000.0,-17000000.0,-17000000.0,-60000000.0,88000000.0,28000000.0,,,,-21000000.0,,4000000.0,108000000.0,108000000.0,,,,,,,,,,,,-60000000.0,88000000.0,28000000.0,512000000.0,,0.0,,,21000000.0,15000000.0,,,,,,,,,,,
MCO,2024-06-30,-3694019.471488,0.230876,931000000.0,552000000.0,110000000.0,469000000.0,915000000.0,805000000.0,564305980.528512,552000000.0,1025000000.0,775000000.0,183000000.0,182300000.0,3.02,3.03,552000000.0,552000000.0,552000000.0,553000000.0,553000000.0,166000000.0,719000000.0,-10000000.0,4000000.0,792000000.0,556000000.0,,446000000.0,1348000000.0,469000000.0,1817000000.0,1817000000.0,-16000000.0,-16000000.0,-63000000.0,86000000.0,23000000.0,,,,-17000000.0,,1000000.0,110000000.0,110000000.0,,,,,446000000.0,,,-8000000.0,,,,-63000000.0,86000000.0,23000000.0,469000000.0,446000000.0,-1000000.0,,,17000000.0,2000000.0,,,,,,,,,,,
MCO,2024-03-31,-3694019.471488,0.230876,931000000.0,552000000.0,110000000.0,469000000.0,915000000.0,805000000.0,564305980.528512,552000000.0,1025000000.0,775000000.0,183000000.0,182300000.0,3.02,3.03,552000000.0,552000000.0,552000000.0,553000000.0,553000000.0,166000000.0,719000000.0,-10000000.0,4000000.0,792000000.0,556000000.0,,446000000.0,1348000000.0,469000000.0,1817000000.0,1817000000.0,-16000000.0,-16000000.0,-63000000.0,86000000.0,23000000.0,,,,-17000000.0,,1000000.0,110000000.0,110000000.0,,,,,413000000.0,,,-8000000.0,,,,-63000000.0,86000000.0,23000000.0,467000000.0,413000000.0,-1000000.0,,,17000000.0,2000000.0,,,,,,,,,,,
MCO,2023-12-31,-3694019.471488,0.230876,931000000.0,552000000.0,110000000.0,469000000.0,915000000.0,805000000.0,564305980.528512,552000000.0,1025000000.0,775000000.0,183000000.0,182300000.0,3.02,3.03,552000000.0,552000000.0,552000000.0,553000000.0,553000000.0,166000000.0,719000000.0,-10000000.0,4000000.0,792000000.0,556000000.0,,446000000.0,1348000000.0,469000000.0,1817000000.0,1817000000.0,-16000000.0,-16000000.0,-63000000.0,86000000.0,23000000.0,,,,-17000000.0,,1000000.0,110000000.0,110000000.0,,,,,428000000.0,,,-9000000.0,,,,-63000000.0,86000000.0,23000000.0,421000000.0,428000000.0,0.0,,,17000000.0,2000000.0,,,,,,,,,,,
NU,2025-03-31,0.0,0.299174,,557203000.0,21322000.0,,,,557203000.0,557203000.0,,,4892628000.0,4816294000.0,0.1139,0.1157,557203000.0,557203000.0,557203000.0,557208000.0,557208000.0,237865000.0,795073000.0,,56870000.0,,,,311366000.0,,,2250376000.0,2250376000.0,,,1835932000.0,896204000.0,2732136000.0,,,,,,,21322000.0,21322000.0,,,,36633000.0,274733000.0,,,197415000.0,,204811000.0,,,,,,77318000.0,-5000.0,,,,,,,,,,,,,,,
NU,2024-12-31,0.0,0.279901,,552640000.0,21061000.0,,,,552640000.0,552640000.0,,,4892628000.0,4816294000.0,0.1139,0.1157,552640000.0,552640000.0,552640000.0,552640000.0,552640000.0,214810000.0,767450000.0,,272797000.0,,,,333266000.0,,,2110169000.0,2110169000.0,,,1745687000.0,747994000.0,2493681000.0,,,,,,,21061000.0,21061000.0,,,,22306000.0,310960000.0,,,222241000.0,,456834000.0,,,,,,88719000.0,-5000.0,,,,,,,,,,,,,,,
NU,2024-09-30,0.0,0.235433,,553386000.0,19269000.0,,,,553386000.0,553386000.0,,,4889409000.0,4797673000.0,0.1132,0.1153,553386000.0,553386000.0,553386000.0,553386000.0,553386000.0,170404000.0,723790000.0,,-105121000.0,,,,375939000.0,,,2096449000.0,2096449000.0,,,1712848000.0,760959000.0,2473807000.0,,,,,,,19269000.0,19269000.0,,,,99818000.0,276121000.0,,,198347000.0,,98186000.0,,,,,,77774000.0,-5000.0,,,,,,,,,,,,,,,
NU,2024-06-30,0.0,0.328291,,487272000.0,18333000.0,,,,487272000.0,487272000.0,,,4880953000.0,4788239000.0,0.0998,0.1018,487272000.0,487272000.0,487272000.0,487272000.0,487272000.0,238149000.0,725421000.0,,-96781000.0,,,,367464000.0,,,2084972000.0,2084972000.0,,,1718116000.0,665191000.0,2383307000.0,,,,,,,18333000.0,18333000.0,,,,47751000.0,319713000.0,,,238871000.0,,117208000.0,,,,,,80842000.0,-5000.0,,,,,,,,,,,,,,,
NU,2024-03-31,0.0,0.345221,,378814000.0,18465000.0,,,,378814000.0,378814000.0,,,4886361000.0,4773284000.0,0.0775,0.0794,378814000.0,378814000.0,378814000.0,378814000.0,378814000.0,199723000.0,578537000.0,,2029000.0,,,,362612000.0,,,1978015000.0,1978015000.0,,,1619533000.0,660715000.0,2280248000.0,,,,,,,18465000.0,18465000.0,,,,39045000.0,323567000.0,,,240523000.0,,189711000.0,,,,,,83044000.0,0.0,,,,,,,,,,,,,,,
NU,2023-12-31,0.0,0.345221,,378814000.0,18465000.0,,,,378814000.0,378814000.0,,,4886361000.0,4773284000.0,0.0775,0.0794,378814000.0,378814000.0,378814000.0,378814000.0,378814000.0,199723000.0,578537000.0,,2029000.0,,,,362612000.0,,,1978015000.0,1978015000.0,,,1619533000.0,660715000.0,2280248000.0,,,,,,,18465000.0,18465000.0,,,,39045000.0,323567000.0,,,240523000.0,,189711000.0,,,,,,83044000.0,0.0,,,,,,,,,,,,,,,
NVR,2025-06-30,0.0,0.253607,459807000.0,333737000.0,5689000.0,1999983000.0,459807000.0,454118000.0,333737000.0,333737000.0,2175578000.0,,3075000.0,2914000.0,108.54,114.52,333737000.0,333737000.0,333737000.0,333737000.0,333737000.0,113396000.0,447133000.0,26389000.0,26389000.0,427729000.0,175595000.0,,175595000.0,603324000.0,1999983000.0,2603307000.0,2603307000.0,,,-6985000.0,6985000.0,,,,,,,,,,,,,,175595000.0,,,,,,,-6985000.0,6985000.0,,,175595000.0,,,,,,,,,,,,,,,,
NVR,2025-03-31,0.0,0.255,415240000.0,299576000.0,5782000.0,1835375000.0,415240000.0,409458000.0,299576000.0,299576000.0,2025185000.0,376665000.0,3159000.0,2984000.0,94.83,100.41,299576000.0,299576000.0,299576000.0,299576000.0,299576000.0,102428000.0,402004000.0,27805000.0,27805000.0,381653000.0,189810000.0,,189810000.0,571463000.0,1835375000.0,2406838000.0,2406838000.0,,,-7454000.0,7454000.0,,,,,,,,,,,,,,189810000.0,,,,,,,-7454000.0,7454000.0,,,189810000.0,,,,,,,,,,,,,,,,
NVR,2024-12-31,0.0,0.201179,584600000.0,457432000.0,4953000.0,2125633000.0,584600000.0,579647000.0,457432000.0,457432000.0,2306217000.0,533464000.0,3269000.0,3053000.0,139.93,149.84,457432000.0,457432000.0,457432000.0,457432000.0,457432000.0,115202000.0,572634000.0,34656000.0,34656000.0,544991000.0,180584000.0,,180584000.0,725575000.0,2125633000.0,2851208000.0,2851208000.0,,,-7013000.0,7013000.0,,,,,,,,,,,,,,180584000.0,,,,,,,-7013000.0,7013000.0,,-33094000.0,180584000.0,,,,,,,,,,,,,,,,
NVR,2024-09-30,0.0,0.203,550343000.0,429323000.0,4685000.0,2051087000.0,550343000.0,545658000.0,429323000.0,429323000.0,2227181000.0,510522000.0,3290000.0,3074000.0,130.5,139.65,429323000.0,429323000.0,429323000.0,429323000.0,429323000.0,109289000.0,538612000.0,35160000.0,35160000.0,510498000.0,176094000.0,,176094000.0,686592000.0,2051087000.0,2737679000.0,2737679000.0,,,-7046000.0,7046000.0,,,,,,,,,,,,,,176094000.0,,,,,,,-7046000.0,7046000.0,,-33746000.0,176094000.0,,,,,,,,,,,,,,,,
NVR,2024-06-30,0.0,0.248636,544822000.0,400904000.0,4356000.0,1947616000.0,544822000.0,540466000.0,400904000.0,400904000.0,2114180000.0,495246000.0,3322000.0,3127000.0,120.69,128.21,400904000.0,400904000.0,400904000.0,400904000.0,400904000.0,132664000.0,533568000.0,37517000.0,37517000.0,502949000.0,166564000.0,,166564000.0,669513000.0,1947616000.0,2617129000.0,2617129000.0,,,-6898000.0,6898000.0,,,,,,,,,,,,,,166564000.0,,,,,,,-6898000.0,6898000.0,,-36184000.0,166564000.0,,,,,,,,,,,,,,,,
NVR,2024-03-31,0.0,0.248636,544822000.0,400904000.0,4356000.0,1947616000.0,544822000.0,540466000.0,400904000.0,400904000.0,2114180000.0,448327000.0,3322000.0,3127000.0,120.69,128.21,400904000.0,400904000.0,400904000.0,400904000.0,400904000.0,132664000.0,533568000.0,37517000.0,37517000.0,502949000.0,166564000.0,,166564000.0,669513000.0,1947616000.0,2617129000.0,2617129000.0,,,-6898000.0,6898000.0,,,,,,,,,,,,,,166564000.0,,,,,,,-6898000.0,6898000.0,,-40866000.0,166564000.0,,,,,,,,,,,,,,,,
NVR,2023-12-31,0.0,0.248636,544822000.0,400904000.0,4356000.0,1947616000.0,544822000.0,540466000.0,400904000.0,400904000.0,2114180000.0,448327000.0,3322000.0,3127000.0,120.69,128.21,400904000.0,400904000.0,400904000.0,400904000.0,400904000.0,132664000.0,533568000.0,37517000.0,37517000.0,502949000.0,166564000.0,,166564000.0,669513000.0,1947616000.0,2617129000.0,2617129000.0,,,-6898000.0,6898000.0,,,,,,,,,,,,,,166564000.0,,,,,,,-6898000.0,6898000.0,,-40891000.0,166564000.0,,,,,,,,,,,,,,,,
OXY,2025-06-30,-2926829.268293,0.365854,2958000000.0,458000000.0,1936000000.0,4327000000.0,2950000000.0,1014000000.0,463073170.731707,458000000.0,5460000000.0,,1010400000.0,985100000.0,0.26,0.27,261000000.0,261000000.0,458000000.0,468000000.0,468000000.0,270000000.0,738000000.0,16000000.0,,954000000.0,1133000000.0,,284000000.0,2087000000.0,4327000000.0,6414000000.0,6318000000.0,-8000000.0,-8000000.0,-232000000.0,276000000.0,44000000.0,,170000000.0,0.0,-8000000.0,,,,,,,,,,,,,,,,-232000000.0,276000000.0,44000000.0,580000000.0,,-10000000.0,,,6000000.0,24000000.0,27000000.0,,,-2000000.0,,,,269000000.0,,,
OXY,2025-03-31,-7250000.0,0.29,3592000000.0,936000000.0,1917000000.0,4348000000.0,3567000000.0,1650000000.0,953750000.0,936000000.0,5326000000.0,,982900000.0,941300000.0,0.77,0.81,761000000.0,761000000.0,936000000.0,945000000.0,945000000.0,387000000.0,1332000000.0,114000000.0,,1477000000.0,978000000.0,,267000000.0,2455000000.0,4348000000.0,6803000000.0,6911000000.0,-25000000.0,-25000000.0,-259000000.0,318000000.0,59000000.0,,170000000.0,0.0,-25000000.0,,,,,,,,,,,,,,,,-259000000.0,318000000.0,59000000.0,447000000.0,,-9000000.0,,,6000000.0,139000000.0,5000000.0,,,-19000000.0,,,,264000000.0,,,
OXY,2024-12-31,-357497041.420118,0.289941,3368000000.0,-127000000.0,1977000000.0,4442000000.0,2135000000.0,158000000.0,748502958.579882,-127000000.0,5563000000.0,,940800000.0,940800000.0,-0.32,-0.32,-296000000.0,-295000000.0,-127000000.0,-120000000.0,-120000000.0,-49000000.0,-169000000.0,-1080000000.0,,1197000000.0,1121000000.0,,276000000.0,2318000000.0,4442000000.0,6760000000.0,6860000000.0,-1233000000.0,-1233000000.0,-286000000.0,327000000.0,41000000.0,,170000000.0,0.0,-1233000000.0,,,,,,,,,,,,,,,,-286000000.0,327000000.0,41000000.0,562000000.0,,-7000000.0,,,9000000.0,153000000.0,-2000000.0,,,36000000.0,,,,283000000.0,1260000000.0,,
OXY,2024-09-30,-41720000.0,0.28,3981000000.0,1133000000.0,1926000000.0,4429000000.0,3832000000.0,1906000000.0,1240280000.0,1133000000.0,5344000000.0,,975700000.0,927500000.0,0.98,1.03,960000000.0,959000000.0,1133000000.0,1140000000.0,1140000000.0,454000000.0,1594000000.0,17000000.0,-334000000.0,1829000000.0,915000000.0,,268000000.0,2744000000.0,4429000000.0,7173000000.0,7020000000.0,-149000000.0,-149000000.0,-252000000.0,312000000.0,60000000.0,,169000000.0,0.0,-149000000.0,,,,,,,,,,,,,,,,-252000000.0,312000000.0,60000000.0,391000000.0,,-7000000.0,,,49000000.0,166000000.0,5000000.0,-4000000.0,,-79000000.0,,,,256000000.0,21000000.0,,
OXY,2024-06-30,3981651.376147,0.284404,3648000000.0,1162000000.0,1775000000.0,4269000000.0,3662000000.0,1887000000.0,1151981651.376147,1162000000.0,5220000000.0,,958900000.0,893800000.0,1.03,1.1,985000000.0,985000000.0,1162000000.0,1170000000.0,1170000000.0,465000000.0,1635000000.0,256000000.0,-344000000.0,1597000000.0,951000000.0,,259000000.0,2548000000.0,4269000000.0,6817000000.0,6802000000.0,14000000.0,14000000.0,-218000000.0,252000000.0,34000000.0,,170000000.0,0.0,14000000.0,,,,,,,,,,,,,,,,-218000000.0,252000000.0,34000000.0,427000000.0,,-8000000.0,,,14000000.0,242000000.0,7000000.0,-4000000.0,,28000000.0,,,,265000000.0,0.0,,
OXY,2024-03-31,3981651.376147,0.284404,3648000000.0,1162000000.0,1775000000.0,4269000000.0,3662000000.0,1887000000.0,1151981651.376147,1162000000.0,5220000000.0,,958900000.0,893800000.0,1.03,1.1,985000000.0,985000000.0,1162000000.0,1170000000.0,1170000000.0,465000000.0,1635000000.0,256000000.0,-410000000.0,1597000000.0,951000000.0,,259000000.0,2548000000.0,4269000000.0,6817000000.0,6802000000.0,14000000.0,14000000.0,-218000000.0,252000000.0,34000000.0,,170000000.0,0.0,14000000.0,,,,,,,,,,,,,,,,-218000000.0,252000000.0,34000000.0,427000000.0,,-8000000.0,,,14000000.0,242000000.0,7000000.0,-4000000.0,,28000000.0,,,,265000000.0,0.0,,
OXY,2023-12-31,3981651.376147,0.284404,3648000000.0,1162000000.0,1775000000.0,4269000000.0,3662000000.0,1887000000.0,1151981651.376147,1162000000.0,5220000000.0,,958900000.0,893800000.0,1.03,1.1,985000000.0,985000000.0,1162000000.0,1170000000.0,1170000000.0,465000000.0,1635000000.0,256000000.0,-438000000.0,1597000000.0,951000000.0,,259000000.0,2548000000.0,4269000000.0,6817000000.0,6802000000.0,14000000.0,14000000.0,-218000000.0,252000000.0,34000000.0,,170000000.0,0.0,14000000.0,,,,,,,,,,,,,,,,-218000000.0,252000000.0,34000000.0,427000000.0,,-8000000.0,,,14000000.0,242000000.0,7000000.0,-4000000.0,,28000000.0,,,,265000000.0,0.0,,
POOL,2025-06-30,0.0,0.254098,284799000.0,194258000.0,12129000.0,1249369000.0,284799000.0,272670000.0,194258000.0,194258000.0,1511860000.0,272670000.0,37407000.0,37271000.0,5.17,5.19,193295000.0,193295000.0,194258000.0,194258000.0,194258000.0,66180000.0,260451000.0,,,272670000.0,262491000.0,,262491000.0,535161000.0,1249369000.0,1784530000.0,1784530000.0,,,-12219000.0,,,,,,,,,,,,,,,,,,,,,-13000.0,-12219000.0,,,,,,,,,,963000.0,,,,,,,,,12219000.0,
POOL,2025-03-31,0.0,0.194,89525000.0,53545000.0,11987000.0,759157000.0,89525000.0,77538000.0,53545000.0,53545000.0,993988000.0,77538000.0,37630000.0,37460000.0,1.42,1.42,53282000.0,53282000.0,53545000.0,53545000.0,53545000.0,12883000.0,66374000.0,,,77538000.0,234831000.0,,234831000.0,312369000.0,759157000.0,1071526000.0,1071526000.0,,,-11164000.0,11164000.0,,,,,,,,,,,,,,,,,,,,54000.0,-11164000.0,11164000.0,,,,,,,,,263000.0,,,,,,,,,12219000.0,
POOL,2024-12-31,0.0,0.257776,72769000.0,37300000.0,12119000.0,697236000.0,72769000.0,60650000.0,37300000.0,37300000.0,926829000.0,60650000.0,37922000.0,37718000.0,0.98,0.98,37121000.0,37121000.0,37300000.0,37300000.0,37300000.0,12945000.0,50218000.0,,,60650000.0,229593000.0,,229593000.0,290243000.0,697236000.0,987479000.0,987479000.0,,,-10432000.0,10432000.0,,,,,,,,,,,,,,,,,,,,27000.0,-10432000.0,10432000.0,,,,,,,,,179000.0,,,,,,,,,12219000.0,
POOL,2024-09-30,0.0,0.234,187923000.0,125701000.0,11570000.0,1016476000.0,187923000.0,176353000.0,125701000.0,125701000.0,1256526000.0,176353000.0,38187000.0,37983000.0,3.27,3.29,125047000.0,125047000.0,125701000.0,125701000.0,125701000.0,38361000.0,163998000.0,,,176353000.0,240050000.0,,240050000.0,416403000.0,1016476000.0,1432879000.0,1432879000.0,,,-12355000.0,12355000.0,,,,,,,,,,,,,,,,,,,,64000.0,-12355000.0,12355000.0,,,,,,,,,654000.0,,,,,,,,,12219000.0,
POOL,2024-06-30,0.0,0.252714,282524000.0,192439000.0,11043000.0,1239643000.0,282524000.0,271481000.0,192439000.0,192439000.0,1498303000.0,271481000.0,38325000.0,38124000.0,4.99,5.02,191421000.0,191421000.0,192439000.0,192439000.0,192439000.0,65058000.0,257437000.0,,,271481000.0,258660000.0,,258660000.0,530141000.0,1239643000.0,1769784000.0,1769784000.0,,,-14044000.0,12355000.0,,,,,,,,,,,,,,,,,,,,60000.0,-14044000.0,12355000.0,,,,,,,,,1018000.0,,,,,,,,,14044000.0,
POOL,2024-03-31,0.0,0.252714,282524000.0,192439000.0,11043000.0,1239643000.0,282524000.0,271481000.0,192439000.0,192439000.0,1498303000.0,271481000.0,38325000.0,38124000.0,4.99,5.02,191421000.0,191421000.0,192439000.0,192439000.0,192439000.0,65058000.0,257437000.0,,,271481000.0,258660000.0,,258660000.0,530141000.0,1239643000.0,1769784000.0,1769784000.0,,,-14044000.0,13419000.0,,,,,,,,,,,,,,,,,,,,60000.0,-14044000.0,13419000.0,,,,,,,,,1018000.0,,,,,,,,,13419000.0,
POOL,2023-12-31,0.0,0.252714,282524000.0,192439000.0,11043000.0,1239643000.0,282524000.0,271481000.0,192439000.0,192439000.0,1498303000.0,271481000.0,38325000.0,38124000.0,4.99,5.02,191421000.0,191421000.0,192439000.0,192439000.0,192439000.0,65058000.0,257437000.0,,,271481000.0,258660000.0,,258660000.0,530141000.0,1239643000.0,1769784000.0,1769784000.0,,,-14044000.0,12104000.0,,,,,,,,,,,,,,,,,,,,60000.0,-14044000.0,12104000.0,,,,,,,,,1018000.0,,,,,,,,,13419000.0,
SIRI,2025-06-30,-23912878.787879,0.223485,618000000.0,205000000.0,131000000.0,1128000000.0,511000000.0,380000000.0,288087121.212121,205000000.0,1666000000.0,365000000.0,357000000.0,338000000.0,0.57,0.61,202000000.0,205000000.0,205000000.0,205000000.0,205000000.0,59000000.0,264000000.0,-92000000.0,15000000.0,472000000.0,528000000.0,56000000.0,351000000.0,1000000000.0,1138000000.0,2138000000.0,2107000000.0,-107000000.0,-107000000.0,-116000000.0,116000000.0,,,,,-107000000.0,,,121000000.0,121000000.0,,,,185000000.0,166000000.0,,,,,,,-116000000.0,116000000.0,,,166000000.0,0.0,,,,,,-3000000.0,,,,,,,107000000.0,,
SIRI,2025-03-31,-11616000.0,0.242,589000000.0,204000000.0,155000000.0,1093000000.0,541000000.0,386000000.0,240384000.0,204000000.0,1633000000.0,387000000.0,357000000.0,339000000.0,0.59,0.6,211000000.0,204000000.0,204000000.0,204000000.0,204000000.0,65000000.0,269000000.0,-49000000.0,-1000000.0,435000000.0,529000000.0,73000000.0,312000000.0,964000000.0,1104000000.0,2068000000.0,2037000000.0,-48000000.0,-48000000.0,-117000000.0,117000000.0,,,,,-48000000.0,,,144000000.0,144000000.0,,,,190000000.0,122000000.0,,,,,,,-117000000.0,117000000.0,,,122000000.0,0.0,,,,,0.0,7000000.0,,,,,,,107000000.0,,
SIRI,2024-12-31,0.0,0.271574,645000000.0,287000000.0,134000000.0,1127000000.0,645000000.0,511000000.0,287000000.0,287000000.0,1671000000.0,505000000.0,359000000.0,339000000.0,0.83,0.85,287000000.0,287000000.0,287000000.0,287000000.0,287000000.0,107000000.0,394000000.0,-6000000.0,-6000000.0,517000000.0,533000000.0,72000000.0,338000000.0,1050000000.0,1138000000.0,2188000000.0,2153000000.0,0.0,0.0,-117000000.0,117000000.0,,,,,0.0,,,123000000.0,123000000.0,,,,219000000.0,119000000.0,,,,,,,-117000000.0,117000000.0,,,119000000.0,0.0,,,,,0.0,0.0,,,,,,,12000000.0,,
SIRI,2024-09-30,-44044000.0,0.013,668000000.0,-2456000000.0,153000000.0,1108000000.0,-2720000000.0,-2873000000.0,887956000.0,-2456000000.0,1684000000.0,-2901000000.0,339000000.0,339000000.0,-7.244838,-7.244838,-2456000000.0,-2456000000.0,-2456000000.0,-2958000000.0,-2958000000.0,-39000000.0,-2997000000.0,-3360000000.0,28000000.0,487000000.0,568000000.0,68000000.0,355000000.0,1055000000.0,1116000000.0,2171000000.0,2138000000.0,-3388000000.0,-3388000000.0,-124000000.0,124000000.0,,,,,-3388000000.0,3388000000.0,,145000000.0,145000000.0,,,,217000000.0,138000000.0,,,,,,,-124000000.0,124000000.0,,,138000000.0,502000000.0,,,,,0.0,0.0,,,,,,,3388000000.0,,
SIRI,2024-06-30,-3711627.906977,0.176744,746000000.0,304000000.0,169000000.0,1102000000.0,725000000.0,556000000.0,321288372.093023,304000000.0,1686000000.0,471000000.0,378000000.0,338000000.0,0.74,1.05,280000000.0,354000000.0,304000000.0,354000000.0,354000000.0,76000000.0,430000000.0,64000000.0,85000000.0,492000000.0,571000000.0,71000000.0,344000000.0,1063000000.0,1115000000.0,2178000000.0,2148000000.0,-21000000.0,-21000000.0,-126000000.0,126000000.0,,,,,-21000000.0,3388000000.0,,156000000.0,156000000.0,18000000.0,18000000.0,115000000.0,228000000.0,116000000.0,,,,,,,-126000000.0,126000000.0,,,116000000.0,-50000000.0,,,,,0.0,-74000000.0,,,,,,,21000000.0,,
SIRI,2024-03-31,-3711627.906977,0.176744,746000000.0,304000000.0,169000000.0,1102000000.0,725000000.0,556000000.0,321288372.093023,304000000.0,1686000000.0,471000000.0,378000000.0,338000000.0,0.74,1.05,280000000.0,354000000.0,304000000.0,354000000.0,354000000.0,76000000.0,430000000.0,64000000.0,85000000.0,492000000.0,571000000.0,71000000.0,344000000.0,1063000000.0,1115000000.0,2178000000.0,2148000000.0,-21000000.0,-21000000.0,-126000000.0,126000000.0,,,,,-21000000.0,3388000000.0,,156000000.0,156000000.0,18000000.0,18000000.0,115000000.0,228000000.0,116000000.0,,,,,,,-126000000.0,126000000.0,,,116000000.0,-50000000.0,,,,,-42000000.0,-74000000.0,,,,,,,21000000.0,,
SIRI,2023-12-31,-3711627.906977,0.176744,746000000.0,304000000.0,169000000.0,1102000000.0,725000000.0,556000000.0,321288372.093023,304000000.0,1686000000.0,471000000.0,378000000.0,338000000.0,0.74,1.05,280000000.0,354000000.0,304000000.0,354000000.0,354000000.0,76000000.0,430000000.0,64000000.0,85000000.0,492000000.0,571000000.0,71000000.0,344000000.0,1063000000.0,1115000000.0,2178000000.0,2148000000.0,-21000000.0,-21000000.0,-126000000.0,126000000.0,,,,,-21000000.0,26000000.0,,156000000.0,156000000.0,18000000.0,18000000.0,115000000.0,228000000.0,116000000.0,,,,,,,-126000000.0,126000000.0,,,116000000.0,-50000000.0,,,,,-42000000.0,-74000000.0,,,,,,,26000000.0,,
STZ,2025-05-31,-7464769.381747,0.143278,869300000.0,516100000.0,105200000.0,1248400000.0,817200000.0,712000000.0,560735230.618253,516100000.0,1749100000.0,713800000.0,177991000.0,177801000.0,2.9,2.9,516100000.0,516100000.0,516100000.0,523800000.0,523800000.0,87600000.0,611400000.0,-55600000.0,,765900000.0,500700000.0,,500700000.0,1266600000.0,1248400000.0,2515000000.0,2677500000.0,-52100000.0,-52100000.0,-98900000.0,100600000.0,1700000.0,,,,-52100000.0,,,,,,,,,,,,,,,,-98900000.0,100600000.0,1700000.0,,,-7700000.0,,,,-3500000.0,,,,,,,,,52100000.0,,162500000.0
STZ,2025-02-28,-178269000.0,0.21,712400000.0,-375300000.0,105900000.0,1049500000.0,-136500000.0,-242400000.0,295331000.0,-375300000.0,1554800000.0,-150300000.0,177991000.0,177801000.0,2.9,2.9,-375300000.0,-375300000.0,-375300000.0,-370600000.0,-370600000.0,28000000.0,-342600000.0,-851800000.0,,609400000.0,505300000.0,,505300000.0,1114700000.0,1049500000.0,2164200000.0,2312700000.0,-848900000.0,-848900000.0,-100200000.0,100200000.0,1700000.0,,,,-766000000.0,547700000.0,-82900000.0,,,,,,,,,,,,,,-100200000.0,100200000.0,1700000.0,,,-4700000.0,,,,-2900000.0,,,,,,,,,484300000.0,,148500000.0
STZ,2024-11-30,-2567400.0,0.066,935900000.0,615900000.0,119000000.0,1179500000.0,897000000.0,778000000.0,652232600.0,615900000.0,1670800000.0,793000000.0,181753000.0,181243000.0,3.39,3.4,615900000.0,615900000.0,615900000.0,629100000.0,629100000.0,44500000.0,673600000.0,-15000000.0,,793000000.0,491300000.0,,491300000.0,1284300000.0,1179500000.0,2463800000.0,2644400000.0,-38900000.0,-38900000.0,-104400000.0,104400000.0,1700000.0,,,,-300000.0,0.0,-38600000.0,,,,,,,,,,,,,,-104400000.0,104400000.0,1700000.0,,,-13200000.0,,,,23900000.0,,,,,,,,,300000.0,,180600000.0
STZ,2024-08-31,-257024400.0,0.114,1133200000.0,-1199000000.0,109200000.0,1407100000.0,-1121400000.0,-1230600000.0,798575600.0,-1199000000.0,1898300000.0,-1229400000.0,181947000.0,181947000.0,-6.59,-6.59,-1199000000.0,-1199000000.0,-1199000000.0,-1182400000.0,-1182400000.0,-152200000.0,-1334600000.0,-2251200000.0,,1020600000.0,491200000.0,,491200000.0,1511800000.0,1407100000.0,2918900000.0,3139100000.0,-2254600000.0,-2254600000.0,-104000000.0,104000000.0,1700000.0,,,,-2252100000.0,2250000000.0,-2500000.0,,,,,,,,,,,,,,-104000000.0,104000000.0,1700000.0,,,-16600000.0,,,,3400000.0,,,,,,,,,2100000.0,,220200000.0
STZ,2024-05-31,2533014.769765,0.030408,1053900000.0,877000000.0,111600000.0,1258000000.0,1137200000.0,1025600000.0,796233014.769765,877000000.0,1720200000.0,941600000.0,183461000.0,182766000.0,4.78,4.8,877000000.0,877000000.0,877000000.0,892800000.0,892800000.0,28000000.0,920800000.0,82000000.0,,941600000.0,462200000.0,,462200000.0,1403800000.0,1258000000.0,2661800000.0,2860700000.0,83300000.0,83300000.0,-102800000.0,104800000.0,2000000.0,,,,0.0,2250000000.0,83300000.0,,,,,,,,,,,,,,-102800000.0,104800000.0,2000000.0,,,-15800000.0,,,,-1300000.0,,,,,,,,,0.0,,198900000.0
STZ,2024-02-29,2533014.769765,0.030408,1053900000.0,877000000.0,111600000.0,1258000000.0,1137200000.0,1025600000.0,796233014.769765,877000000.0,1720200000.0,941600000.0,183561000.0,182916000.0,2.14,2.15,877000000.0,877000000.0,877000000.0,892800000.0,892800000.0,28000000.0,920800000.0,82000000.0,,941600000.0,462200000.0,,462200000.0,1403800000.0,1258000000.0,2661800000.0,2860700000.0,83300000.0,83300000.0,-102800000.0,104800000.0,2000000.0,,,,0.0,2250000000.0,300000.0,,,,,,,,,,,,,,-102800000.0,104800000.0,2000000.0,,,-15800000.0,,0.0,,-1300000.0,,,,,,,,,0.0,,198900000.0
STZ,2023-11-30,2533014.769765,0.030408,1053900000.0,877000000.0,111600000.0,1258000000.0,1137200000.0,1025600000.0,796233014.769765,877000000.0,1720200000.0,941600000.0,183561000.0,182916000.0,2.14,2.15,877000000.0,877000000.0,877000000.0,892800000.0,892800000.0,28000000.0,920800000.0,82000000.0,,941600000.0,462200000.0,,462200000.0,1403800000.0,1258000000.0,2661800000.0,2860700000.0,83300000.0,83300000.0,-102800000.0,104800000.0,2000000.0,,,,0.0,0.0,300000.0,,,,,,,,,,,,,,-102800000.0,104800000.0,2000000.0,,,-15800000.0,300000.0,0.0,,-1300000.0,,,,,,,,,0.0,,198900000.0
TMUS,2025-06-30,0.0,0.247196,8348000000.0,3222000000.0,3146000000.0,7376000000.0,8348000000.0,5202000000.0,3222000000.0,3222000000.0,15919000000.0,5213000000.0,1134846966.0,1132760465.0,2.84,2.84,3222000000.0,3222000000.0,3222000000.0,3222000000.0,3222000000.0,1058000000.0,4280000000.0,-11000000.0,-11000000.0,5213000000.0,8543000000.0,,5397000000.0,13756000000.0,7376000000.0,21132000000.0,20877000000.0,,,-922000000.0,922000000.0,,,,,,,,3146000000.0,3146000000.0,,,,,,,,,,,,-922000000.0,922000000.0,,,,,,,,,,,,,,,,,,,
TMUS,2025-03-31,0.0,0.23,7952000000.0,2953000000.0,3198000000.0,7400000000.0,7952000000.0,4754000000.0,2953000000.0,2953000000.0,16086000000.0,4800000000.0,1144655297.0,1140537935.0,2.58,2.59,2953000000.0,2953000000.0,2953000000.0,2953000000.0,2953000000.0,885000000.0,3838000000.0,-46000000.0,-46000000.0,4800000000.0,8686000000.0,,5488000000.0,13486000000.0,7400000000.0,20886000000.0,20629000000.0,,,-916000000.0,916000000.0,,,,,,,,3198000000.0,3198000000.0,,,,,,,,,,,,-916000000.0,916000000.0,,,,,,,,,,,,,,,,,,,
TMUS,2024-12-31,0.0,0.223496,7829000000.0,2981000000.0,3149000000.0,8785000000.0,7829000000.0,4680000000.0,2981000000.0,2981000000.0,17286000000.0,4586000000.0,1144655297.0,1140537935.0,2.58,2.59,2981000000.0,2981000000.0,2981000000.0,2981000000.0,2981000000.0,858000000.0,3839000000.0,94000000.0,94000000.0,4586000000.0,8501000000.0,,5352000000.0,13087000000.0,8785000000.0,21872000000.0,21627000000.0,0.0,0.0,-841000000.0,841000000.0,,,,,0.0,,,3149000000.0,3149000000.0,,,,,,,,,,,,-841000000.0,841000000.0,,,,,0.0,,,,,,,,,,,,,,
TMUS,2024-09-30,0.0,0.229,7954000000.0,3059000000.0,3151000000.0,7029000000.0,7954000000.0,4803000000.0,3059000000.0,3059000000.0,15366000000.0,4796000000.0,1170649561.0,1166961755.0,2.61,2.62,3059000000.0,3059000000.0,3059000000.0,3059000000.0,3059000000.0,908000000.0,3967000000.0,7000000.0,7000000.0,4796000000.0,8337000000.0,,5186000000.0,13133000000.0,7029000000.0,20162000000.0,19932000000.0,0.0,0.0,-836000000.0,836000000.0,,,,,0.0,,,3151000000.0,3151000000.0,,,,,,,,,,,,-836000000.0,836000000.0,,,,,0.0,,,,,,,,,,,,,,
TMUS,2024-06-30,0.0,0.223726,7870000000.0,2925000000.0,3248000000.0,6752000000.0,7870000000.0,4622000000.0,2925000000.0,2925000000.0,15142000000.0,4630000000.0,1172447353.0,1170025862.0,2.49,2.5,2925000000.0,2925000000.0,2925000000.0,2925000000.0,2925000000.0,843000000.0,3768000000.0,-8000000.0,-8000000.0,4630000000.0,8390000000.0,,5142000000.0,13020000000.0,6752000000.0,19772000000.0,19535000000.0,0.0,0.0,-854000000.0,854000000.0,,,,,0.0,,,3248000000.0,3248000000.0,,,,,,,,,,,,-854000000.0,854000000.0,,,,,0.0,,,,,,,,,,,,,,
TMUS,2024-03-31,0.0,0.223726,7870000000.0,2925000000.0,3248000000.0,6752000000.0,7870000000.0,4622000000.0,2925000000.0,2925000000.0,15142000000.0,4630000000.0,1189092019.0,1185298497.0,2.0,2.0,2925000000.0,2925000000.0,2925000000.0,2925000000.0,2925000000.0,843000000.0,3768000000.0,-8000000.0,-8000000.0,4630000000.0,8390000000.0,,5142000000.0,13020000000.0,6752000000.0,19772000000.0,19535000000.0,0.0,0.0,-854000000.0,854000000.0,,,,,0.0,,,3248000000.0,3248000000.0,,,,,,,,,,,,-854000000.0,854000000.0,,,,,0.0,,,,,,,,,,,,,,
TMUS,2023-12-31,0.0,0.223726,7870000000.0,2925000000.0,3248000000.0,6752000000.0,7870000000.0,4622000000.0,2925000000.0,2925000000.0,15142000000.0,4630000000.0,1189092019.0,1185298497.0,2.0,2.0,2925000000.0,2925000000.0,2925000000.0,2925000000.0,2925000000.0,843000000.0,3768000000.0,-8000000.0,-8000000.0,4630000000.0,8390000000.0,,5142000000.0,13020000000.0,6752000000.0,19772000000.0,19535000000.0,0.0,0.0,-854000000.0,854000000.0,,,,,0.0,0.0,,3248000000.0,3248000000.0,,,,,,,,,,,,-854000000.0,854000000.0,,,,,0.0,,,,,,,,,,,,,,
ULTA,2025-04-30,-449934.0,0.246,477468000.0,305052000.0,72033000.0,1734148000.0,475639000.0,403606000.0,306431066.0,305052000.0,2444761000.0,401777000.0,45508000.0,45362000.0,6.7,6.72,305052000.0,305052000.0,305052000.0,305052000.0,305052000.0,99644000.0,405324000.0,-1829000.0,,403606000.0,710613000.0,,710613000.0,1114219000.0,1734148000.0,2848367000.0,2848367000.0,-1829000.0,-1829000.0,3547000.0,,3547000.0,,,,-1829000.0,,,,,,,,,,,,,,,-628000.0,3547000.0,,3547000.0,,,,,1829000.0,,,,,,,,,,,,,
ULTA,2025-01-31,-417850.033281,0.241253,589752000.0,393270000.0,69967000.0,2153967000.0,588020000.0,518053000.0,394584149.966719,393270000.0,2969566000.0,516321000.0,45508000.0,45362000.0,6.7,6.72,393270000.0,393270000.0,393270000.0,393270000.0,393270000.0,125045000.0,518315000.0,-1732000.0,,518053000.0,815599000.0,,815599000.0,1333652000.0,2153967000.0,3487619000.0,3487619000.0,-1732000.0,-1732000.0,1994000.0,,1994000.0,,,,-1732000.0,,,,,,,,,,,,,,,-628000.0,1994000.0,,1994000.0,,,,,1732000.0,,,,,,,,,,,,,
ULTA,2024-10-31,-1191452.0,0.244,395290000.0,242179000.0,67022000.0,1524456000.0,390407000.0,323385000.0,245870548.0,242179000.0,2206715000.0,318502000.0,47092000.0,46928000.0,5.14,5.16,242179000.0,242179000.0,242179000.0,242179000.0,242179000.0,77997000.0,320176000.0,-4883000.0,,323385000.0,682259000.0,,682259000.0,1005644000.0,1524456000.0,2530100000.0,2530100000.0,-4883000.0,-4883000.0,1674000.0,,1674000.0,,,,-4883000.0,,,,,,,,,,,,,,,-628000.0,1674000.0,,1674000.0,,,,,4883000.0,,,,,,,,,,,,,
ULTA,2024-07-31,-1009665.0,0.243,402825000.0,252556000.0,65314000.0,1573910000.0,398670000.0,333356000.0,255701335.0,252556000.0,2218731000.0,329201000.0,47667000.0,47505000.0,5.3,5.32,252556000.0,252556000.0,252556000.0,252556000.0,252556000.0,81171000.0,333727000.0,-4155000.0,,333356000.0,644821000.0,,644821000.0,978177000.0,1573910000.0,2552087000.0,2552087000.0,-4155000.0,-4155000.0,4526000.0,,4526000.0,,,,-4155000.0,,,,,,,,,,,,,,,-628000.0,4526000.0,,4526000.0,,,,,4155000.0,,,,,,,,,,,,,
ULTA,2024-04-30,-677208.0,0.232,471525000.0,313113000.0,64739000.0,1656068000.0,468606000.0,403867000.0,315354792.0,313113000.0,2321981000.0,400948000.0,48381000.0,48125000.0,6.47,6.51,313113000.0,313113000.0,313113000.0,313113000.0,313113000.0,94735000.0,407848000.0,-2919000.0,,403867000.0,665913000.0,,665913000.0,1069780000.0,1656068000.0,2725848000.0,2725848000.0,-2919000.0,-2919000.0,6900000.0,,6900000.0,,,,-2919000.0,,,,,,,,,,,,,,,-628000.0,6900000.0,,6900000.0,,,,,2919000.0,,,,,,,,,,,,,
ULTA,2024-01-31,-677208.0,0.232,471525000.0,313113000.0,64739000.0,1656068000.0,468606000.0,403867000.0,315354792.0,313113000.0,2321981000.0,400948000.0,48795000.0,48500000.0,8.08,8.13,313113000.0,313113000.0,313113000.0,313113000.0,313113000.0,94735000.0,407848000.0,-2919000.0,,403867000.0,665913000.0,,665913000.0,1069780000.0,1656068000.0,2725848000.0,2725848000.0,-2919000.0,-2919000.0,6900000.0,,6900000.0,,,,-2919000.0,,,,,,,,,,,,,,,-628000.0,6900000.0,,6900000.0,,,,,2919000.0,,,,,,,,,,,,,
V,2025-06-30,-70364756.039792,0.167535,7109000000.0,5272000000.0,317000000.0,1973000000.0,6689000000.0,6372000000.0,5621635243.960208,5272000000.0,3380000000.0,6177000000.0,1959000000.0,1709000000.0,2.69,2.69,5272000000.0,5272000000.0,5272000000.0,5272000000.0,5272000000.0,1061000000.0,6333000000.0,-420000000.0,,6792000000.0,1407000000.0,,1090000000.0,8199000000.0,1973000000.0,10172000000.0,13116000000.0,-420000000.0,-420000000.0,-39000000.0,39000000.0,,,,,-615000000.0,,195000000.0,317000000.0,317000000.0,,,,421000000.0,669000000.0,,,,,,,-39000000.0,39000000.0,,,669000000.0,,,615000000.0,,,,,,,,,,,,,
V,2025-03-31,-132562000.0,0.158,6740000000.0,4577000000.0,305000000.0,1881000000.0,5901000000.0,5596000000.0,5283438000.0,4577000000.0,3159000000.0,5435000000.0,1974000000.0,1721000000.0,2.32,2.32,4577000000.0,4577000000.0,4577000000.0,4577000000.0,4577000000.0,861000000.0,5438000000.0,-839000000.0,,6435000000.0,1278000000.0,,973000000.0,7713000000.0,1881000000.0,9594000000.0,12391000000.0,-839000000.0,-839000000.0,-158000000.0,158000000.0,,,,,-1000000000.0,,161000000.0,305000000.0,305000000.0,,,,381000000.0,592000000.0,,,,,,,-158000000.0,158000000.0,,,592000000.0,,,1000000000.0,,,,,,,,,,,,,
V,2024-12-31,18096000.0,0.174,6560000000.0,5119000000.0,282000000.0,2020000000.0,6664000000.0,6382000000.0,5033096000.0,5119000000.0,3232000000.0,6234000000.0,1985000000.0,1729000000.0,2.58,2.58,5119000000.0,5119000000.0,5119000000.0,5119000000.0,5119000000.0,1081000000.0,6200000000.0,104000000.0,,6278000000.0,1212000000.0,,930000000.0,7490000000.0,2020000000.0,9510000000.0,12395000000.0,104000000.0,104000000.0,-182000000.0,182000000.0,,,,,-44000000.0,,148000000.0,282000000.0,282000000.0,,,,306000000.0,624000000.0,,,,,,,-182000000.0,182000000.0,,,624000000.0,,,44000000.0,,,,,,,,,,,,,
V,2024-09-30,31262711.864407,0.165411,6633000000.0,5318000000.0,274000000.0,1817000000.0,6822000000.0,6548000000.0,5160262711.864407,5318000000.0,3258000000.0,6349000000.0,2003000000.0,1710000000.0,2.65,2.66,5318000000.0,5318000000.0,5318000000.0,5318000000.0,5318000000.0,1054000000.0,6372000000.0,189000000.0,,6359000000.0,1441000000.0,,1167000000.0,7800000000.0,1817000000.0,9617000000.0,12277000000.0,189000000.0,189000000.0,-176000000.0,176000000.0,,,,,-10000000.0,,199000000.0,274000000.0,274000000.0,,,,551000000.0,616000000.0,,,,,,,-176000000.0,176000000.0,,,616000000.0,,,10000000.0,,,,,,,,,,,,,
V,2024-06-30,43643012.189013,0.186509,6215000000.0,4872000000.0,264000000.0,1773000000.0,6449000000.0,6185000000.0,4681643012.189013,4872000000.0,2949000000.0,5938000000.0,2229000000.0,1810000000.0,2.4,2.4,4872000000.0,4872000000.0,4872000000.0,4872000000.0,4872000000.0,1117000000.0,5989000000.0,234000000.0,,5951000000.0,1176000000.0,,912000000.0,7127000000.0,1773000000.0,8900000000.0,11650000000.0,234000000.0,234000000.0,-196000000.0,196000000.0,,,,,-13000000.0,,247000000.0,264000000.0,264000000.0,,,,378000000.0,534000000.0,,,,,,,-196000000.0,196000000.0,,,534000000.0,,,13000000.0,,,,,,,,,,,,,
VRSN,2025-06-30,0.0,0.224093,294500000.0,207400000.0,8300000.0,49100000.0,294500000.0,286200000.0,207400000.0,207400000.0,129200000.0,280700000.0,94000000.0,93800000.0,2.21,2.21,207400000.0,207400000.0,207400000.0,207400000.0,207400000.0,59900000.0,267300000.0,-500000.0,-500000.0,280700000.0,80100000.0,25700000.0,54400000.0,360800000.0,49100000.0,409900000.0,409900000.0,,,-12900000.0,18900000.0,6000000.0,,,,,,,,,,,,,,,,,,,,-12900000.0,18900000.0,6000000.0,,,,,,,,,,,,,,,,,,
VRSN,2025-03-31,0.0,0.23,287600000.0,199300000.0,8900000.0,49400000.0,287600000.0,278700000.0,199300000.0,199300000.0,131100000.0,271200000.0,94800000.0,94600000.0,2.1,2.11,199300000.0,199300000.0,199300000.0,199300000.0,199300000.0,59100000.0,258400000.0,-400000.0,-400000.0,271200000.0,81700000.0,26000000.0,55700000.0,352900000.0,49400000.0,402300000.0,402300000.0,,,-12400000.0,20300000.0,7900000.0,,,,,,,,,,,,,,,,,,,,-12400000.0,20300000.0,7900000.0,,,,,,,,,,,,,,,,,,
VRSN,2024-12-31,0.0,0.228134,275700000.0,191500000.0,8800000.0,48400000.0,275700000.0,266900000.0,191500000.0,191500000.0,131600000.0,263800000.0,95700000.0,95600000.0,2.0,2.0,191500000.0,191500000.0,191500000.0,191500000.0,191500000.0,56600000.0,248100000.0,-3900000.0,-3900000.0,263800000.0,83200000.0,24900000.0,58300000.0,347000000.0,48400000.0,395400000.0,395400000.0,,,-11800000.0,18800000.0,7000000.0,,,,,,,,,,,,,,,,,,,,-11800000.0,18800000.0,7000000.0,,,,,,,,,,,,,,,,,,
VRSN,2024-09-30,0.0,0.23,288800000.0,201300000.0,9000000.0,46800000.0,288800000.0,279800000.0,201300000.0,201300000.0,121300000.0,269300000.0,97300000.0,97300000.0,2.07,2.07,201300000.0,201300000.0,201300000.0,201300000.0,201300000.0,59600000.0,260900000.0,1800000.0,1800000.0,269300000.0,74500000.0,23200000.0,51300000.0,343800000.0,46800000.0,390600000.0,390600000.0,,,-10200000.0,18900000.0,8700000.0,,,,,,,,,,,,,,,,,,,,-10200000.0,18900000.0,8700000.0,,,,,,,,,,,,,,,,,,
VRSN,2024-06-30,0.0,0.232136,287000000.0,198800000.0,9300000.0,47100000.0,287000000.0,277700000.0,198800000.0,198800000.0,120900000.0,266200000.0,99000000.0,98900000.0,2.01,2.01,198800000.0,198800000.0,198800000.0,198800000.0,198800000.0,60100000.0,258900000.0,1800000.0,1800000.0,266200000.0,73800000.0,23800000.0,50000000.0,340000000.0,47100000.0,387100000.0,387100000.0,,,-9100000.0,18800000.0,9700000.0,,,,,,,,,,,,,,,,,,,,-9100000.0,18800000.0,9700000.0,,,,,,,,,,,,,,,,,,
